2634 4656
431 230 543 350 ‘aaa
566 267 731 336 xxxm-
749 268 924 331 xxxrsu.
1166 262 1232 337 'aas
1294 342 1297 349 ,

138 444 231 491 .uon
255 414 410 493 absentes
421 448 493 494 nec
517 449 579 522 per
593 419 747 495 tabellam
764 420 856 510 dare,
879 421 940 496 sed
956 448 1066 496 eoram
1084 438 1117 496 et
1132 449 1230 524 prae·
1292 431 1295 435 ’

156 533 269 593 sentes
303 517 413 593 dicere
445 536 651 618 cogerentur.
706 522 755 594 lta
779 521 830 595 -ad
862 549 991 596 summa
1023 521 1229 623 eloquentiae

108 618 127 662 ⁸
155 617 307 718 praemia
328 645 449 714 magna
465 620 561 692 etiam
583 620 761 694 necessitas
782 621 976 708 accedebam
1003 637 1035 695 et
1058 621 1227 721 quomodo

156 715 320 790 disertum
347 716 461 806 haberi
477 717 652 821 pulchrum
678 737 710 792 et
731 718 933 817 gloriosum,
959 723 1007 796 sic
1024 737 1139 795 contra
1152 749 1226 795 mu·

154 829 229 890 tum
254 833 287 890 et
299 815 474 916 elinguem
497 817 610 925 videriv
626 817 783 893 delorure.
801 819 995 896 habebatur.

208 1061 213 1074 ἱ
521 991 550 1050 (l
566 1008 658 1068 eje·-
673 992 860 1052 mm·
940 949 945 967 ι
1152 1071 1155 1075 .

141 1108 144 1112 ’
256 1089 442 1188 Ergo‘nou
476 1091 585 1165 miuus
610 1091 734 1166 rubore
761 1105 862 1193 ‘quaur
886 1092 1043 1195 praemiis
1075 1085 1224 1209 stimula-

423 1221 427 1229 ‘
585 1216 596 1245 Ο

154 1271 208 1321 tra
225 1262 370 1320 r'rrimiaum
393 1265 484 1343 possit
505 1279 601 1324 oerum
629 1263 672 1344 (si
693 1266 810 1339 integra
831 1266 870 1322 sit
892 1266 922 1323 ei
936 1259 1033 1342 fidas)
1053 1261 1161 1322 dicere.
1181 1294 1222 1312 ι·-

154 1343 230 1403 Cum
247 1343 449 1423 praesentibus
476 1364 542 1404 oero
567 1349 667 1420 ingens
694 1345 843 1407 dimicatio
868 1356 912 1404 est
932 1345 1052 1428 ideoque
1072 1344 1147 1404 relat
1168 1343 1224 1404 du·

114 1481 119 1492 ‚
149 1428 345 1510 prasonem
373 1445 440 1499 eos,
463 1448 572 1513 proque
594 1431 631 1487 iis
651 1432 717 1488 acie
746 1427 929 1508 confligitur,
957 1429 1104 1487 actionum
1126 1434 1156 1487 et
1176 1429 1222 1485 in·
1245 1492 1255 1515 ι
1297 1434 1301 1441 “

152 1511 395 1582 arrogationem.
434 1508 502 1568 Tac.
529 1513 607 1575 Anu.
633 1510 670 1583 11,
691 1514 739 1575 34.
781 1510 961 1583 Urgulaniae
985 1511 1118 1591 potentia
1145 1504 1221 1567 adeo
1308 1519 1313 1530 '

152 1593 249 1650 nimia
265 1593 378 1650 ciuitati
396 1599 479 1663 erat,
502 1599 534 1651 ut
551 1595 634 1652 testis
651 1595 682 1652 in
703 1585 795 1652 rausa
815 1591 964 1674 quddam,
979 1610 1054 1691 quae
1074 1590 1221 1671 1111111111-

152 1673 256 1732 na'tum
286 1672 489 1743 tractabatur,
518 1677 612 1732 venire
639 1672 853 1749 dedignaretur.
875 1706 913 1719 -·
965 1671 1143 1743 flestr'monia
1167 1691 1223 1752 per
1253 1731 1255 1737 ,

152 1755 292 1814 tabellam
315 1753 377 1812 sive
405 1754 536 1813 tabulam
564 1756 631 1815 dare
650 1752 672 1814 i.
711 1801 717 1816 .
745 1756 781 1815 de
808 1754 919 1835 scripto
939 1753 1002 1814 sire
1029 1754 1144 1814 tabellis
1169 1753 1221 1813 olr-

150 1840 278 1911 signatir
304 1832 380 1915 (Cic.
408 1835 496 1897 Tusc.
516 1837 555 1910 V,
580 1842 638 1911 11.
651 1778 734 1920 333,
763 1837 843 1918 quod
864 1836 956 1898 fiebat
981 1833 1018 1897 ab
1043 1834 1220 1908 absentibus.

151 1917 190 1980 ei.
210 1916 359 1978 Heinrich.
381 1915 416 1974 dd
438 1915 499 1978 Cic.
519 1929 604 1978 oratt.
625 1918 724 2002 incdit.
744 1942 773 2001 p.
796 1924 842 1980 11.

235 2018 265 2075 in
284 2014 421 2093 [iudiciis]
438 2015 561 2097 publicis
577 2037 633 2076 non
652 2015 803 2158 atsmtesq
825 2021 855 2078 in
871 2017 995 2100 publicis
1010 2038 1068 2077 non
1087 2016 1221 2077 absentes

150 2095 246 2160 Codd.
267 2097 351 2158 Farn-
372 2094 611 2194 (alrsentislPar.
631 2097 718 2159 Vind.
740 2100 783 2160 Ed
805 2142 812 2157 .
831 2111 899 2161 ante
918 2100 1022 2160 Heum.
1067 2097 1127 2159 Atii
1145 2098 1218 2159 Edd.
1264 2158 1266 2163 .

149 2179 261 2261 aliquid
287 2179 389 2238 deesse
410 2179 537 2259 opinate,
564 2192 599 2241 ut
618 2179 742 2242 Seebod.
762 2180 875 2261 Dronlr.
904 2180 1015 2242 Osann.
1037 2179 1147 2254 Orell.‚
1177 2181 1219 2241 la-

113 2320 116 2325 .
148 2283 243 2325 ennae
272 2261 296 2321 si
318 2284 387 2320 nuru
414 2273 596 2344 posuerunt;
625 2263 690 2338 atii,
718 2274 753 2322 ut
779 2265 855 2325 Rud.
883 2262 1013 2346 Agricol.
1041 2266 1071 2322 in
1096 2263 1220 2345 publices

149 2346 269 2406 iudiciis
294 2282 395 2424 liquem
422 2356 540 2410 secutus
563 2344 650 2405 Bach.
679 2345 797 2404 iudiciis
821 2344 905 2406 nucis
934 2342 1157 2424 circumdedit),
1184 2356 1219 2405 ut

148 2424 288 2490 Cohoius
315 2428 344 2484 in
372 2424 488 2484 iudiciis
512 2426 653 2507 publicis,
680 2437 715 2486 ut
743 2425 807 2506 Bip.
828 2438 867 2487 ¹et
893 2425 1009 2486 Schula.
1036 2429 1067 2485 in
1092 2409 1218 2507 publicis

148 2512 247 2570 causis
274 2529 323 2567 sus
345 2506 410 2566 irati
432 2518 516 2576 suut;
550 2508 653 2568 Heum.
680 2508 821 2568 emendat.
848 2512 878 2567 in
898 2509 1014 2569 indiciis
1034 2505 1128 2566 secuti
1147 2518 1218 2568 sunt

148 2593 223 2653 Ero.
244 2529 844 2669 0111111111.1111111111111111111,
868 2587 974 2671 quibus
993 2589 1117 2669 publicis
1137 2587 1217 2648 otio-

149 2696 216 2736 sum
231 2684 276 2732 est
291 2669 404 2746 visum,
425 2692 513 2751 quum
535 2669 607 2730 nihil
627 2669 761 2746 intersit,
779 2683 880 2730 utrum
900 2669 1014 2768 publiea
1034 2669 1093 2730 sint
1109 2668 1215 2732 iudicia

147 2777 185 2818 an
206 2753 325 2837 privata.
370 2752 494 2813 Probata
513 2751 584 2812 inihi
612 2753 726 2834 quidem
748 2763 794 2813 est
809 2751 925 2815 ,Cuiacri
950 2753 1134 2828 coniectura,
1163 2751 1215 2835 sed

143 2828 267 2899 ¹iudiciis
293 2846 387 2894 tarneu
413 2833 496 2894 uncis
513 2833 622 2898 inclusi
648 2833 714 2896 coll.
737 2834 840 2910 Quint.
855 2838 892 2911 V,
908 2840 938 2911 7,
954 2829 995 2894 9.‘
1022 2831 1215 2918 aequoniam
1267 2887 1271 2896 .

149 2920 208 2982 duo
226 2938 337 2994 genera
362 2929 429 2978 sunt
447 2920 580 2990 testium,
607 2927 661 2976 aut
679 2919 925 2994 uoluntariorum,
953 2917 1055 3001 quibus
1075 2917 1165 2977 iudea
1183 2920 1215 2978 in

146 3001 262 3063 iudiciis
277 2999 401 3082 publicis
422 2999 595 3060 denunciare
610 3001 684 3076 solet
703 3012 758 3060 ete.

231 3110 260 3160 et
287 3097 428 3181 quomodo
454 3129 489 3142 -
517 3100 560 3158 sia
587 3095 708 3180 contra]
743 3107 773 3159 et
799 3097 951 3159 commoda
967 3114 1009 3143 ¹-
1029 3096 1084 3156 sed
1108 3105 1214 3156 contra

146 3180 241 3248 codd.
270 3193 301 3243 et
324 3190 395 3240 vett.
424 3179 495 3239 Edd.
523 3184 617 3260 usque
643 3179 679 3240 ad
704 3181 809 3241 Heum.
836 3180 867 3239 ir.
889 3179 999 3241 Osann.
1040 3177 1224 3239 Emendavit.

144 3263 258 3328 Aeidal.
284 3272 312 3322 et
335 3260 533 3344 quomodo-
554 3261 608 3321 sed
627 3271 746 3336 contra,
767 3259 909 3323 Schurall.
929 3264 973 3322 sia
994 3271 1111 3335 contra,
1135 3280 1211 3341 quo-

144 3369 214 3410 rum
240 3344 392 3440 emendatt.
420 3342 467 3404 usi
487 3345 591 3404 Heum.
612 3355 642 3404 et
661 3365 740 3425 seqq.
769 3353 798 3405 et
824 3344 967 3441 quomodo
989 3376 1026 3390 ·-
1046 3346 1088 3406 rie
1107 3352 1211 3421 contra

143 3428 310 3492 ediderunt.
346 3426 395 3487 Sic
414 3437 459 3486 est
478 3425 552 3486 Dial.
573 3430 612 3486 39
633 3437 664 3487 et
681 3427 730 3488 41.
759 3424 857 3510 Agna.
878 3429 927 3488 34.

229 3537 340 3587 mutum
369 3534 399 3583 et
421 3521 579 3606 elinguem]
613 3523 677 3584 Liv.
706 3524 745 3598 X,
774 3529 821 3585 19.
850 3523 928 3607 quod
950 3544 988 3584 ea
1016 3534 1095 3584 muto
1121 3533 1209 3607 atque

143 3612 255 3687 elingui
259 3607 424 3688 seeundum
439 3610 529 3666 etiam
546 3607 690 3667 consulem
704 3607 852 3666 haberent.
872 3597 1073 3668 Pseudocioer.
1083 3626 1125 3666 or.
1140 3617 1209 3687 post

116 3757 128 3778 ι
143 3693 207 3755 red.
227 3691 258 3751 in
281 3711 342 3750 seu.
364 3696 391 3749 3.
412 3698 521 3749 mutum
533 3687 653 3768 sorum,
673 3690 795 3764 elinguis
815 3691 905 3750 auria.
926 3689 1008 3750 Suet.
1027 3687 1087 3748 vir.
1107 3694 1135 3748 6.
1155 3687 1210 3748 sed

143 3795 259 3837 marem
278 3772 436 3832 titubantia
454 3775 513 3831 oris
526 3768 620 3852 'prope
640 3781 752 3832 mutum
770 3781 800 3830 et
817 3766 967 3846 elinguem.
1090 3814 1092 3818 -
1119 3773 1120 3776 ’

206 3877 276 3959 Cap.
304 3876 452 3936 xxxvtl.
500 3875 581 3951 Ergo
605 3897 662 3935 non
687 3879 781 3936 minus
809 3870 928 3955 rubore]
966 3874 992 3932 E
1020 3871 1094 3935 cod.
1121 3875 1207 3935 Fam.
1302 3920 1306 3927 .

141 3948 222 4043 lips.
249 3954 280 4021 el
307 3980 402 4039 seqq.;
436 3980 505 4034 ergo
532 3978 589 4019 non
613 3979 671 4019 om.
699 3956 791 4019 Codd.
821 3957 884 4015 Par.
917 3953 999 4015 vind.
1028 3956 1102 4016 Edd.
1128 3954 1210 4036 Spir.x
1230 3954 1257 4029 j

143 4043 272 4111 Osann.;
293 4063 350 4101 non
372 4044 465 4100 minus
484 4061 520 4100 ex
536 4040 647 4100 emend.
667 4041 733 4101 Pur.
755 4038 819 4099 niv.
841 4039 906 4097 Ber.
927 4037 989 4096 nte.
1011 4037 1104 4098 Rhen.
1142 4039 1206 4097 Ru-
1219 4048 1225 4112 j

142 4126 198 4186 lror
222 4143 279 4205 pro
304 4123 418 4205 pudore
445 4122 647 4203 frequentatur
667 4143 684 4183 a
703 4123 788 4202 'saon
817 4121 918 4180 Germ.
941 4124 986 4180 13.
1017 4118 1093 4181 {tiss
1114 4121 1138 4196 l,
1158 4126 1198 4179 30
1232 4125 1235 4132 '

142 4208 191 4272 vd.
212 4207 308 4268 Boea
331 4208 400 4267 Lex.
419 4207 487 4269 Tao-
509 4227 532 4268 s.
552 4228 580 4268 1.
