2634 4656
85 229 175 337 '210
289 254 293 261 '
431 226 586 352 protegas
609 270 648 330 n
670 268 858 331 erasmum·

110 446 142 502 ct
166 424 348 525 Metrodori
375 423 528 496 honestas
553 422 714 523 quosdam
736 420 984 495 exclamationes
1008 448 1181 495 assumere

71 562 76 575 ·
109 531 229 627 iisque,
254 540 351 625 prout
368 550 421 596 res
442 525 560 643 poscit,
586 524 633 595 nti
650 523 791 594 alienum
810 523 872 594 erit
889 522 1023 594 oratori.
1052 524 1181 623 -Neqnc

110 717 265 758 memorem
292 692 486 774 Xenophonlis
512 694 593 752 illum
627 693 837 752 iucunditatem
866 690 1094 771 inefficatiam,
1130 690 1182 751 sed

109 801 196 864 quom
220 778 301 837 circilo
320 779 455 856 eousepui
473 772 625 854 affectatio
645 776 762 856 possit?
789 785 821 833 ut
841 777 923 853 ipsae
942 795 1108 857 sermpneru
1117 770 1180 853 fin·

111 866 187 922 uisse
208 862 333 920 Gratiae
354 857 505 916 uideantur
532 866 560 915 et
579 857 655 939 quoti
680 857 716 916 de
741 856 856 914 Pericle
878 860 980 914 ueteris
1008 857 1180 915 comoediae

109 946 302 1005 testimouium
330 950 372 999 est
393 943 423 998 iu
442 939 516 999 leone
542 936 698 1017 transferri
721 941 876 997 notissime
896 943 1007 1018 possit,
1037 942 1069 997 iu
1089 938 1180 997 lubrie

109 1031 170 1086 eius
198 1025 306 1083 sedisse
353 1020 481 1080 uundam
511 1020 708 1102 persuadendi
729 1021 823 1080 deoru.
845 1025 893 1078 33.
930 1021 1018 1080 Adde
1039 1020 1122 1102 'quod
1142 1052 1178 1067 ·-

109 1110 195 1168 huius
214 1045 379 1188 (Xenoph.)
408 1125 459 1170 ure
478 1104 581 1162 Musas
601 1116 662 1161 csse
683 1107 797 1162 locutus
818 1105 972 1163 existimet.
1011 1100 1073 1163 Cic.
1098 1103 1179 1163 Orat.

110 1196 141 1269 9,
161 1196 209 1249 au.
234 1194 280 1259 19,
301 1193 348 1245 ee.
372 1188 455 1244 urus.
475 1190 526 1258 35,
551 1191 615 1244 cau.
731 1222 735 1231 .
778 1230 783 1241 .

191 1291 226 1330 ue
246 1269 364 1351 Epicuri
381 1267 494 1353 quidem
516 1275 545 1324 et
564 1266 729 1326 Metrodori
749 1267 887 1325 honestus·
906 1264 1050 1348 quosdam
1080 1268 1181 1327 exclu-

111 1357 252 1414 mulioues
273 1347 437 1430 assumere]
467 1348 609 1429 Epicurus
629 1348 815 1431 Gargettius,
837 1358 894 1406 nat.
917 1347 1036 1430 olymp.
1060 1352 1133 1425 109,
1151 1354 1180 1408 u.

93 1442 181 1497 ’342
204 1456 228 1493 a.
246 1432 300 1509 Ch.
322 1443 410 1491 mort.
433 1430 556 1513 Olymp:
577 1436 646 1505 127,
668 1438 694 1490 2.
717 1435 784 1490 271.
806 1450 830 1488 a.
852 1428 924 1505 Ch,
951 1429 1123 1490 adolescens
1149 1428 1181 1490 iu

110 1516 204 1577 insula
239 1517 325 1574 Samo
362 1512 522 1587 habitabat,
557 1512 635 1571 uncle
664 1515 765 1571 XVlll.
797 1532 888 1571 annos
923 1522 1007 1570 natus
1047 1511 1180 1572 Athenas

111 1599 213 1667 rediit;
235 1618 289 1677 qua
309 1594 383 1655 urbe
402 1594 502 1654 relicta
516 1593 739 1674 Colophonem,
763 1593 919 1679 Mytilenas
941 1603 970 1652 et
990 1594 1180 1674 Lampsacum

110 1679 306 1751 secuntum,
338 1677 389 1736 'uhi
412 1677 540 1757 quinque
562 1697 654 1737 anuos
678 1675 891 1757 philosophiam
920 1696 986 1734 cum
1012 1675 1093 1736 felici
1114 1696 1179 1737 suc·

111 1769 195 1823 'cesso'
217 1760 346 1821 docebat.
396 1760 455 1821 Sed
476 1771 510 1818 ut
536 1758 628 1817 maior
650 1780 765 1840 campus
789 1754 948 1817 doctrinas
965 1778 1035 1817 suae
1055 1768 1179 1839 pateret,

111 1846 216 1905 iterum
238 1843 365 1902 Athenas
388 1843 524 1910 revertit,
555 1840 605 1899 uhi
627 1861 718 1900 novae
739 1839 855 1899 scholae
874 1840 904 1899 in
926 1838 1020 1898 hortis
1042 1840 1180 1900 conditor

112 1928 286 1997 lactescat,
315 1923 397 1983 cuius
427 1921 559 2003 discipuli
583 1921 718 2003 Epicurei
740 1921 876 2003 appellari
896 1920 1037 1981 solebant.
1078 1920 1179 1982 Philo-

17 2030 21 2037 ·
113 2008 223 2090 sophus
244 2004 445 2079 initnohilis,
475 2016 611 2084 quemct
636 2005 744 2064 honum
766 2005 861 2063 sirum
886 2015 1048 2064 et'comern
1068 2016 1101 2064 ct
1125 2003 1179 2064 hu-

113 2112 226 2152 manum
249 2088 338 2146 inisse
359 2088 482 2146 tifirmat
501 2083 561 2146 Cic.
582 2085 666 2144 Finn.
688 2089 722 2160 ΙΙ,
744 2093 792 2146 25.
814 2093 880 2158 80,
912 2085 961 2165 qui
982 2096 1078 2145 tamen
1100 2106 1178 2147 acer-

113 2173 204 2234 rimus
227 2171 288 2228 cios
311 2164 476 2250 disciplinae
496 2167 676 2226 adversarius
698 2168 820 2239 exstitit,
838 2188 912 2247 plnae
933 2167 1009 2247 apud
1031 2170 1178 2229 Romanor

113 2266 196 2316 nacta
224 2263 268 2313 cst
295 2249 403 2311 nrultns
430 2247 596 2321 sectatores.
644 2250 690 2308 Ad
716 2261 846 2310 trecenta
872 2249 1020 2309 volumina
1049 2249 1179 2311 consuta

113 2326 354 2420 psisse'dicitnn
383 2353 507 2413 quorum
536 2347 646 2412 paucae
669 2330 805 2411 reliquiae
833 2351 984 2413 germanae
1013 2331 1119 2404 elihr.
1144 2332 1179 2393 de

114 2415 380 2493 naturallcreolani
393 2415 527 2474 iuventae
543 2426 620 2473 sunt.
630 2448 667 2459 -
684 2415 871 2474 Metrodorus
878 2412 1079 2492 Atheniensis,
1094 2426 1179 2474 mort.

115 2524 145 2562 a.·
161 2505 229 2562 277.
250 2520 274 2558 a.
296 2496 367 2571 Ch.‚
397 2496 530 2578 princes
560 2488 617 2555 suit
643 2495 852 2578 discipulorum
882 2495 1000 2576 Epicuri
1031 2507 1061 2555 et
1089 2516 1180 2578 paene

116 2583 189 2644 alter
207 2580 368 2661 Epicurus,
389 2578 439 2659 qni
460 2518 642 2638 aCice'rone‘
652 2599 737 2660 saepe
752 2588 1012 2654 commemoratur,
1042 2589 1077 2637 ut
1097 2579 1179 2639 Pina.

117 2668 155 2738 ΙΙ,
166 2670 205 2736 ’3,
226 2669 253 2721 7.
274 2669 324 2732 28,
345 2666 392 2721 92.
421 2662 485 2720 Nat.
504 2662 541 2720 Ι).
563 2662 585 2736 Ι,
601 2667 651 2735 33,
670 2666 717 2720 93.
737 2661 826 2720 Tusc.
844 2663 880 2736 ΙΙ,
903 2666 932 2733 3,
954 2666 981 2718 8.
1023 2658 1178 2742 Epicurum

118 2756 216 2807 autem
238 2754 267 2802 et
286 2743 485 2803 Metrodorum
506 2764 562 2801 nou
581 2741 649 2820 fere
667 2752 787 2824 praeter
807 2764 873 2802 suos
898 2745 1047 2823 cuisquum
1068 2746 1100 2801 iu
1117 2764 1179 2803 mo·

120 2846 173 2888 uus
192 2829 287 2886 sumit.
316 2825 362 2882 vd.
384 2825 418 2884 de
438 2824 565 2906 Epicuro
589 2824 740 2885 Rcinhold.
763 2824 870 2883 Gesch.
891 2766 918 2883 d.
937 2823 1047 2884 Philus.
1067 2824 1138 2885 Vol.
1157 2827 1178 2887 Ι.

142 2953 149 2967 .
170 2913 228 2968 306
243 2929 284 2986 sq.
306 2906 456 2966 Onomast.
474 2905 552 2967 Tull.
568 2906 604 2966 Ῥ.
625 2909 658 2965 ΙΙ.
699 2907 837 2967 esset.
859 2905 950 2967 Orell.
972 2917 1001 2965 et
1020 2904 1115 2979 Bait.;
1145 2906 1180 2968 de

120 2930 293 3053 iletrodoro
308 2987 345 3047 ib.
362 3011 390 3069 p.
405 2994 472 3048 398.
494 2988 612 3068 Epicuri
626 2929 845 3057 exclamationes
859 3000 937 3048 recte
956 3009 1021 3047 cum
1040 2989 1179 3050 Broteriu

124 3072 215 3135 Orell.
235 3071 264 3130 in
287 3071 358 3130 Ado.
379 3094 406 3150 p.
423 3071 549 3130 txvttt.
563 3071 705 3130 intellexit
724 3071 816 3130 sortes
837 3071 971 3150 quasdam
990 3072 1097 3146 γνώμας
1111 3070 1180 3153 Ept-

14 3183 17 3198 ·
124 3156 203 3232 curi,
234 3152 394 3214 cuiusmodi
428 3151 539 3232 aliquot
566 3153 698 3234 legantur
724 3173 767 3234 ap.
796 3149 856 3212 Cic.
885 3151 968 3212 Fiun.
994 3154 1033 3228 ΙΙ,
1055 3158 1109 3231 27,
1133 3158 1180 3215 119.

123 3238 178 3299 Ait
197 3239 288 3308 enim,
316 3239 344 3294 si
369 3241 472 3294 uratur
500 3235 541 3314 [in
564 3234 721 3295 Phalaridis
742 3235 854 3312 tauro]‚
882 3254 969 3317 quam
991 3235 1048 3294 hoe
1073 3236 1181 3296 sunuel

125 3320 282 3380 dicturum:
313 3316 394 3376 cuius
419 3315 630 3377 exclamationis
651 3316 763 3376 mentio
788 3317 823 3375 lit
841 3316 928 3376 Tnse.
956 3336 1075 3397 qnoque
1096 3319 1134 3392 11,
1151 3322 1180 3391 7,

126 3406 175 3463 17.
195 3402 231 3472 V,
255 3404 302 3471 10,
317 3404 367 3458 31.
387 3400 487 3458 Senec.
511 3400 563 3479 Ep.
580 3405 646 3470 66.;
670 3396 730 3460 Cic.
750 3399 885 3475 Fientt,
899 3404 950 3471 29,
967 3403 1015 3457 95.
1057 3399 1095 3458 Si
1110 3416 1181 3476 gru-

128 3487 170 3544 tis
195 3479 329 3622 quior),
357 3480 462 3541 breuis:
493 3484 521 3539 si
546 3481 664 3557 longus,
690 3485 797 3557 grecis.
825 3484 872 3539 96.
899 3478 1014 3562 epistol.
1040 3481 1078 3542 ad
1106 3480 1181 3543 ller-

124 3580 203 3627 marc
223 3585 281 3622 nus.
773 3576 777 3583 ’

196 3649 315 3727 iisque,
340 3654 427 3724 prout
446 3648 620 3726 respuerit,
649 3648 693 3704 uti
710 3647 835 3704 alienum
855 3649 912 3705 erit
929 3643 1059 3727 oratori]
1093 3648 1183 3728 iispne
1217 3636 1222 3647 ’

128 3728 221 3791 Cudd.
242 3730 324 3786 l'arn.
350 3728 413 3787 Par.
434 3723 520 3784 Vind.
544 3726 615 3786 Edd.
646 3722 758 3787 Walth.
779 3726 865 3788 Bach.
894 3726 965 3787 utu.
994 3728 1096 3809 dispice
1115 3736 1181 3788 cett.

90 3872 92 3876 ⁴
129 3811 203 3871 Edd.
223 3811 337 3869 Broter.
362 3830 421 3868 non
434 3819 543 3867 temere
562 3807 717 3888 recepisset
736 3809 929 3870 coniecturam
948 3807 1025 3869 Pith.
1045 3821 1075 3869 et
1093 3809 1183 3872 fluet

128 3902 245 3976 poscet,
266 3891 290 3950 si
308 3890 479 3949 contulisset
496 3891 563 3950 Tac.
584 3892 682 3950 Germ.
704 3895 752 3953 44.
773 3902 803 3951 et
821 3893 974 3963 mutabile,
1003 3900 1036 3950 ut
1056 3911 1106 3950 res
1128 3911 1184 3973 pc-

132 3979 196 4034 scit.
216 3973 318 4048 Quint.
334 3974 370 4046 X,
398 3978 425 4046 1,
447 3976 473 4030 9.
495 3973 544 4030 uhi
561 3994 608 4032 res
623 3977 728 4054 poscit,
748 3974 800 4050 ΙΙΙ,
816 3979 846 4049 1,
867 3979 892 4034 1.
913 3994 998 4058 quum
1018 3992 1067 4032 res
1082 3976 1183 4055 puscit.

133 4089 174 4103 -
193 4055 345 4114 Structura
365 4054 464 4112 adiect.
478 4055 592 4115 alienus
611 4077 635 4115 c.
676 4055 743 4115 enit.
760 4068 811 4117 ant
830 4055 915 4116 daur.
932 4053 1027 4115 rufior
1044 4067 1090 4116 est
1108 4053 1185 4138 epud

135 4137 246 4219 scripu.
263 4157 324 4195 aur.
345 4146 427 4194 aetat.
455 4157 538 4216 quam
564 4159 628 4198 cum
648 4076 730 4197 ahiat.
749 4142 801 4200 ant'
818 4160 842 4198 c.
861 4158 958 4220 praep.
978 4156 1016 4198 a:
1044 4138 1092 4199 vd.
1113 4136 1185 4200 llei-

133 4220 187 4306 sig.
207 4214 321 4291 Vorlcs.
339 4214 367 4302 ᾖ.
382 4219 451 4278 354.
470 4216 531 4280 Cic.
549 4241 594 4303 pr.
613 4217 695 4282 Cacc.
711 4225 739 4282 9.
778 4220 845 4281 Hoc
864 4222 1036 4309 cilicenses
1054 4224 1186 4282 maxime
