<?xml version="1.0" encoding="UTF-8"?>
<!DOCTYPE html PUBLIC "-//W3C//DTD XHTML 1.0 Transitional//EN"
    "http://www.w3.org/TR/xhtml1/DTD/xhtml1-transitional.dtd">
<html xmlns="http://www.w3.org/1999/xhtml" xml:lang="en" lang="en">
 <head>
  <title>
</title>
<meta http-equiv="Content-Type" content="text/html;charset=utf-8" />
  <meta name='ocr-system' content='tesseract 3.04.00' />
  <meta name='ocr-capabilities' content='ocr_page ocr_carea ocr_par ocr_line ocrx_word'/>
</head>
<body>
  <div class='ocr_page' id='page_1' title='image "./dialogusdeorato00tacigoog_0132.png"; bbox 0 0 2634 4656; ppageno 0'>
   <div class='ocr_carea' id='block_1_1' title="bbox 515 258 1140 362">
    <p class='ocr_par' dir='ltr' id='par_1_1' title="bbox 515 258 1140 362">
     <span class='ocr_line' id='line_1_1' title="bbox 515 258 1140 362; baseline 0.006 -23"><span class='ocrx_word' id='word_1_1' title='bbox 515 277 594 362; x_wconf 71' lang='lat' dir='ltr'>cap.</span> <span class='ocrx_word' id='word_1_2' title='bbox 618 279 695 343; x_wconf 83' lang='lat' dir='ltr'>xrr.</span> <span class='ocrx_word' id='word_1_3' title='bbox 764 258 770 271; x_wconf 70' lang='lat'>‘</span> <span class='ocrx_word' id='word_1_4' title='bbox 1096 280 1140 343; x_wconf 83' lang='lat' dir='ltr'>aa</span> 
     </span>
    </p>
   </div>
   <div class='ocr_carea' id='block_1_2' title="bbox 55 422 1140 633">
    <p class='ocr_par' dir='ltr' id='par_1_2' title="bbox 55 422 1140 633">
     <span class='ocr_line' id='line_1_2' title="bbox 55 422 1139 535; baseline 0.002 -30"><span class='ocrx_word' id='word_1_5' title='bbox 55 430 199 534; x_wconf 83' lang='lat' dir='ltr'>peridis·</span> <span class='ocrx_word' id='word_1_6' title='bbox 214 430 352 506; x_wconf 84' lang='lat' dir='ltr'>includi.</span> <span class='ocrx_word' id='word_1_7' title='bbox 410 433 529 507; x_wconf 87' lang='lat' dir='ltr'>Plures</span> <span class='ocrx_word' id='word_1_8' title='bbox 554 433 655 507; x_wconf 84' lang='lat' dir='ltr'>hodie</span> <span class='ocrx_word' id='word_1_9' title='bbox 684 422 850 532; x_wconf 78' lang='lat' dir='ltr'>reperies,</span> <span class='ocrx_word' id='word_1_10' title='bbox 883 422 946 535; x_wconf 86' lang='lat' dir='ltr'>qui</span> <span class='ocrx_word' id='word_1_11' title='bbox 968 426 1139 507; x_wconf 79' lang='lat' dir='ltr'>Ciceronis</span> 
     </span>
     <span class='ocr_line' id='line_1_3' title="bbox 55 530 1140 633; baseline 0.004 -30"><span class='ocrx_word' id='word_1_12' title='bbox 55 531 201 630; x_wconf 79' lang='lat' dir='ltr'><strong>gloriam</strong></span> <span class='ocrx_word' id='word_1_13' title='bbox 228 560 328 632; x_wconf 89' lang='lat' dir='ltr'>qnam</span> <span class='ocrx_word' id='word_1_14' title='bbox 349 533 407 633; x_wconf 90' lang='lat' dir='ltr'>qui</span> <span class='ocrx_word' id='word_1_15' title='bbox 434 532 568 630; x_wconf 82' lang='lat' dir='ltr'>Virgilii</span> <span class='ocrx_word' id='word_1_16' title='bbox 593 533 791 621; x_wconf 81' lang='lat' dir='ltr'>detractent3</span> <span class='ocrx_word' id='word_1_17' title='bbox 825 559 888 607; x_wconf 91' lang='lat' dir='ltr'>uec</span> <span class='ocrx_word' id='word_1_18' title='bbox 916 530 1005 605; x_wconf 86' lang='lat' dir='ltr'>ullus</span> <span class='ocrx_word' id='word_1_19' title='bbox 1028 532 1140 607; x_wconf 85' lang='lat' dir='ltr'>Asinii</span> 
     </span>
    </p>
   </div>
   <div class='ocr_carea' id='block_1_3' title="bbox 20 698 1180 1600">
    <p class='ocr_par' dir='ltr' id='par_1_3' title="bbox 55 698 1180 947">
     <span class='ocr_line' id='line_1_4' title="bbox 57 698 1180 784; baseline -0.001 -22"><span class='ocrx_word' id='word_1_20' title='bbox 57 698 215 777; x_wconf 68' lang='grc'><strong>0111111,</strong></span> <span class='ocrx_word' id='word_1_21' title='bbox 241 706 271 775; x_wconf 83' lang='lat'>7,</span> <span class='ocrx_word' id='word_1_22' title='bbox 292 704 342 761; x_wconf 82' lang='lat'>28.</span> <span class='ocrx_word' id='word_1_23' title='bbox 392 700 439 761; x_wconf 87' lang='lat' dir='ltr'>De</span> <span class='ocrx_word' id='word_1_24' title='bbox 465 701 630 784; x_wconf 64' lang='lat' dir='ltr'>Hyperide*</span> <span class='ocrx_word' id='word_1_25' title='bbox 646 713 705 762; x_wconf 88' lang='lat' dir='ltr'>nat.</span> <span class='ocrx_word' id='word_1_26' title='bbox 732 701 800 763; x_wconf 88' lang='lat' dir='ltr'>circ.</span> <span class='ocrx_word' id='word_1_27' title='bbox 829 700 876 761; x_wconf 87' lang='grc'>01.</span> <span class='ocrx_word' id='word_1_28' title='bbox 900 706 948 761; x_wconf 89' lang='grc'><strong>98.</strong></span> <span class='ocrx_word' id='word_1_29' title='bbox 975 713 1063 762; x_wconf 85' lang='lat' dir='ltr'>mort.</span> <span class='ocrx_word' id='word_1_30' title='bbox 1090 698 1140 763; x_wconf 91' lang='lat' dir='ltr'>Ol.</span> <span class='ocrx_word' id='word_1_31' title='bbox 1177 704 1180 710; x_wconf 88' lang='lat'>&#39;</span> 
     </span>
     <span class='ocr_line' id='line_1_5' title="bbox 56 781 1140 867; baseline 0 -24"><span class='ocrx_word' id='word_1_32' title='bbox 56 786 130 857; x_wconf 88' lang='grc'><strong>114,</strong></span> <span class='ocrx_word' id='word_1_33' title='bbox 153 786 201 856; x_wconf 79' lang='grc'><strong>3.,</strong></span> <span class='ocrx_word' id='word_1_34' title='bbox 214 781 331 863; x_wconf 84' lang='lat' dir='ltr'>&#39;aequali</span> <span class='ocrx_word' id='word_1_35' title='bbox 351 781 506 843; x_wconf 87' lang='lat' dir='ltr'>Demosth.</span> <span class='ocrx_word' id='word_1_36' title='bbox 528 795 559 842; x_wconf 90' lang='lat' dir='ltr'>et</span> <span class='ocrx_word' id='word_1_37' title='bbox 579 784 727 867; x_wconf 76' lang='lat' dir='ltr'>Lycurg,</span> <span class='ocrx_word' id='word_1_38' title='bbox 751 783 787 844; x_wconf 85' lang='lat' dir='ltr'>ci.</span> <span class='ocrx_word' id='word_1_39' title='bbox 808 783 883 843; x_wconf 89' lang='lat' dir='ltr'>Dial.</span> <span class='ocrx_word' id='word_1_40' title='bbox 903 786 949 843; x_wconf 89' lang='grc'>16.</span> <span class='ocrx_word' id='word_1_41' title='bbox 964 789 1013 843; x_wconf 85' lang='grc'><strong>25.</strong></span> <span class='ocrx_word' id='word_1_42' title='bbox 1034 782 1140 858; x_wconf 82' lang='lat' dir='ltr'>Quint.</span> 
     </span>
     <span class='ocr_line' id='line_1_6' title="bbox 55 860 1140 947; baseline -0.001 -23"><span class='ocrx_word' id='word_1_43' title='bbox 55 866 96 939; x_wconf 81' lang='lat' dir='ltr'>X,</span> <span class='ocrx_word' id='word_1_44' title='bbox 119 868 150 941; x_wconf 89' lang='lat' dir='ltr'>t,</span> <span class='ocrx_word' id='word_1_45' title='bbox 172 868 221 924; x_wconf 87' lang='grc'><strong>77.</strong></span> <span class='ocrx_word' id='word_1_46' title='bbox 243 868 274 939; x_wconf 86' lang='grc'>5,</span> <span class='ocrx_word' id='word_1_47' title='bbox 296 869 325 923; x_wconf 83' lang='grc'><strong>2.</strong></span> <span class='ocrx_word' id='word_1_48' title='bbox 349 860 411 923; x_wconf 87' lang='lat' dir='ltr'>Cic.</span> <span class='ocrx_word' id='word_1_49' title='bbox 433 864 468 923; x_wconf 88' lang='lat' dir='ltr'>de</span> <span class='ocrx_word' id='word_1_50' title='bbox 491 863 576 924; x_wconf 90' lang='lat' dir='ltr'>Orat.</span> <span class='ocrx_word' id='word_1_51' title='bbox 595 869 645 942; x_wconf 85' lang='lat'>111,</span> <span class='ocrx_word' id='word_1_52' title='bbox 664 873 693 942; x_wconf 88' lang='lat'>7,</span> <span class='ocrx_word' id='word_1_53' title='bbox 714 870 763 925; x_wconf 84' lang='grc'><strong>28.</strong></span> <span class='ocrx_word' id='word_1_54' title='bbox 784 863 989 926; x_wconf 89' lang='lat' dir='ltr'>Westerm.·l.</span> <span class='ocrx_word' id='word_1_55' title='bbox 1009 863 1030 923; x_wconf 69' lang='lat' dir='ltr'>l.</span> <span class='ocrx_word' id='word_1_56' title='bbox 1049 863 1140 947; x_wconf 53' lang='lat' dir='ltr'>pso.</span> 
     </span>
    </p>

    <p class='ocr_par' dir='ltr' id='par_1_4' title="bbox 20 1024 1142 1600">
     <span class='ocr_line' id='line_1_7' title="bbox 139 1024 1141 1109; baseline 0.005 -24"><span class='ocrx_word' id='word_1_57' title='bbox 139 1028 191 1108; x_wconf 79' lang='lat' dir='ltr'>qui</span> <span class='ocrx_word' id='word_1_58' title='bbox 202 1025 349 1086; x_wconf 76' lang='lat' dir='ltr'>Ciceronis</span> <span class='ocrx_word' id='word_1_59' title='bbox 363 1028 491 1100; x_wconf 76' lang='lat' dir='ltr'>gloriam</span> <span class='ocrx_word' id='word_1_60' title='bbox 508 1049 597 1109; x_wconf 78' lang='lat' dir='ltr'>quarn</span> <span class='ocrx_word' id='word_1_61' title='bbox 633 1029 665 1086; x_wconf 87' lang='lat' dir='ltr'>ui</span> <span class='ocrx_word' id='word_1_62' title='bbox 687 1028 802 1103; x_wconf 74' lang='lat' dir='ltr'>Virgilii</span> <span class='ocrx_word' id='word_1_63' title='bbox 820 1027 996 1106; x_wconf 78' lang='lat' dir='ltr'><em>detractent]</em></span> <span class='ocrx_word' id='word_1_64' title='bbox 1015 1029 1061 1089; x_wconf 90' lang='lat' dir='ltr'>De</span> <span class='ocrx_word' id='word_1_65' title='bbox 1077 1024 1141 1090; x_wconf 73' lang='lat' dir='ltr'>Cic·</span> 
     </span>
     <span class='ocr_line' id='line_1_8' title="bbox 56 1052 1140 1191; baseline 0.003 -24"><span class='ocrx_word' id='word_1_66' title='bbox 56 1106 307 1167; x_wconf 74' lang='lat' dir='ltr'>obtrectatoribus</span> <span class='ocrx_word' id='word_1_67' title='bbox 325 1106 360 1167; x_wconf 85' lang='lat' dir='ltr'>cl.</span> <span class='ocrx_word' id='word_1_68' title='bbox 374 1108 449 1168; x_wconf 90' lang='lat' dir='ltr'>Dial.</span> <span class='ocrx_word' id='word_1_69' title='bbox 466 1131 509 1190; x_wconf 91' lang='lat' dir='ltr'>cp.</span> <span class='ocrx_word' id='word_1_70' title='bbox 525 1114 583 1184; x_wconf 81' lang='grc'>18,</span> <span class='ocrx_word' id='word_1_71' title='bbox 606 1052 642 1168; x_wconf 72' lang='lat' dir='ltr'>ic</span> <span class='ocrx_word' id='word_1_72' title='bbox 655 1108 760 1191; x_wconf 78' lang='lat' dir='ltr'>Virgil.</span> <span class='ocrx_word' id='word_1_73' title='bbox 774 1108 944 1170; x_wconf 83' lang='lat' dir='ltr'>Weichert.</span> <span class='ocrx_word' id='word_1_74' title='bbox 959 1121 1052 1191; x_wconf 87' lang='lat' dir='ltr'>poett.</span> <span class='ocrx_word' id='word_1_75' title='bbox 1064 1110 1140 1170; x_wconf 87' lang='lat' dir='ltr'>Latt.</span> 
     </span>
     <span class='ocr_line' id='line_1_9' title="bbox 55 1187 1140 1272; baseline 0.002 -25"><span class='ocrx_word' id='word_1_76' title='bbox 55 1187 142 1269; x_wconf 82' lang='lat' dir='ltr'>reliq.</span> <span class='ocrx_word' id='word_1_77' title='bbox 162 1208 192 1271; x_wconf 91' lang='lat' dir='ltr'>p.</span> <span class='ocrx_word' id='word_1_78' title='bbox 214 1194 444 1249; x_wconf 66' lang='lat' dir='ltr'>lucutenta</span> <span class='ocrx_word' id='word_1_79' title='bbox 466 1212 509 1269; x_wconf 87' lang='lat' dir='ltr'>sq.</span> <span class='ocrx_word' id='word_1_80' title='bbox 540 1190 618 1250; x_wconf 89' lang='lat' dir='ltr'>lahn.</span> <span class='ocrx_word' id='word_1_81' title='bbox 639 1188 748 1250; x_wconf 89' lang='lat' dir='ltr'>introd.</span> <span class='ocrx_word' id='word_1_82' title='bbox 770 1189 801 1250; x_wconf 92' lang='lat' dir='ltr'>in</span> <span class='ocrx_word' id='word_1_83' title='bbox 818 1191 900 1272; x_wconf 88' lang='lat' dir='ltr'>Virg.</span> <span class='ocrx_word' id='word_1_84' title='bbox 920 1212 949 1270; x_wconf 90' lang='lat' dir='ltr'>p.</span> <span class='ocrx_word' id='word_1_85' title='bbox 966 1195 1140 1271; x_wconf 80' lang='lat' dir='ltr'>xxvlltsq.</span> 
     </span>
     <span class='ocr_line' id='line_1_10' title="bbox 55 1269 1141 1355; baseline 0.002 -25"><span class='ocrx_word' id='word_1_86' title='bbox 55 1271 167 1331; x_wconf 78' lang='lat' dir='ltr'>Donat.</span> <span class='ocrx_word' id='word_1_87' title='bbox 195 1269 248 1329; x_wconf 82' lang='lat' dir='ltr'>vit.</span> <span class='ocrx_word' id='word_1_88' title='bbox 276 1269 359 1328; x_wconf 87' lang='lat' dir='ltr'>Vir.</span> <span class='ocrx_word' id='word_1_89' title='bbox 387 1275 465 1345; x_wconf 79' lang='lat' dir='ltr'>xvl,</span> <span class='ocrx_word' id='word_1_90' title='bbox 487 1276 535 1330; x_wconf 90' lang='grc'>61.</span> <span class='ocrx_word' id='word_1_91' title='bbox 585 1272 805 1332; x_wconf 84' lang='lat' dir='ltr'>Obtrectutores</span> <span class='ocrx_word' id='word_1_92' title='bbox 835 1274 954 1346; x_wconf 72' lang='lat' dir='ltr'>i&#39;irgiliu</span> <span class='ocrx_word' id='word_1_93' title='bbox 981 1292 1141 1355; x_wconf 79' lang='lat' dir='ltr'><em>numquam</em></span> 
     </span>
     <span class='ocr_line' id='line_1_11' title="bbox 58 1292 1142 1436; baseline 0.002 -25"><span class='ocrx_word' id='word_1_94' title='bbox 58 1350 223 1430; x_wconf 81' lang='lat' dir='ltr'>defuerunt.</span> <span class='ocrx_word' id='word_1_95' title='bbox 245 1386 286 1401; x_wconf 89' lang='lat'>-</span> <span class='ocrx_word' id='word_1_96' title='bbox 325 1292 460 1411; x_wconf 61' lang='lat' dir='ltr'>Vrolatis</span> <span class='ocrx_word' id='word_1_97' title='bbox 478 1354 621 1412; x_wconf 83' lang='lat' dir='ltr'>Bucolicis</span> <span class='ocrx_word' id='word_1_98' title='bbox 639 1357 836 1413; x_wconf 79' lang='lat' dir='ltr'>innominatus</span> <span class='ocrx_word' id='word_1_99' title='bbox 854 1354 974 1436; x_wconf 84' lang='lat' dir='ltr'>quidam</span> <span class='ocrx_word' id='word_1_100' title='bbox 993 1357 1142 1435; x_wconf 77' lang='lat' dir='ltr'>rescripsit</span> 
     </span>
     <span class='ocr_line' id='line_1_12' title="bbox 55 1432 1140 1495; baseline 0.002 -2"><span class='ocrx_word' id='word_1_101' title='bbox 55 1433 274 1493; x_wconf 82' lang='lat' dir='ltr'>Antihucolica.</span> <span class='ocrx_word' id='word_1_102' title='bbox 293 1468 332 1481; x_wconf 94' lang='lat'><em>-</em></span> <span class='ocrx_word' id='word_1_103' title='bbox 362 1432 418 1492; x_wconf 84' lang='lat' dir='ltr'>Est</span> <span class='ocrx_word' id='word_1_104' title='bbox 440 1443 470 1492; x_wconf 90' lang='lat' dir='ltr'>et</span> <span class='ocrx_word' id='word_1_105' title='bbox 489 1435 630 1492; x_wconf 80' lang='lat' dir='ltr'>aduersus</span> <span class='ocrx_word' id='word_1_106' title='bbox 650 1435 785 1494; x_wconf 78' lang='lat' dir='ltr'>Aeneida</span> <span class='ocrx_word' id='word_1_107' title='bbox 804 1436 878 1494; x_wconf 86' lang='lat' dir='ltr'>liber</span> <span class='ocrx_word' id='word_1_108' title='bbox 898 1435 1023 1494; x_wconf 81' lang='lat' dir='ltr'>Caruilii</span> <span class='ocrx_word' id='word_1_109' title='bbox 1036 1435 1140 1495; x_wconf 88' lang='lat' dir='ltr'>Picto-</span> 
     </span>
     <span class='ocr_line' id='line_1_13' title="bbox 20 1512 1137 1600; baseline 0.002 -27"><span class='ocrx_word' id='word_1_110' title='bbox 20 1583 24 1589; x_wconf 30' lang='lat'><em>·</em></span> <span class='ocrx_word' id='word_1_111' title='bbox 56 1518 120 1589; x_wconf 78' lang='lat' dir='ltr'>ris,</span> <span class='ocrx_word' id='word_1_112' title='bbox 144 1515 230 1574; x_wconf 89' lang='lat' dir='ltr'>titulo</span> <span class='ocrx_word' id='word_1_113' title='bbox 248 1512 502 1575; x_wconf 82' lang='lat' dir='ltr'>Aeneidornastin.</span> <span class='ocrx_word' id='word_1_114' title='bbox 523 1550 561 1564; x_wconf 91' lang='lat'>-·</span> <span class='ocrx_word' id='word_1_115' title='bbox 604 1514 750 1575; x_wconf 85' lang='lat' dir='ltr'>Asconius</span> <span class='ocrx_word' id='word_1_116' title='bbox 768 1516 921 1575; x_wconf 81' lang='lat' dir='ltr'>Pedianus</span> <span class='ocrx_word' id='word_1_117' title='bbox 942 1517 1032 1591; x_wconf 86' lang='lat' dir='ltr'>lihro,</span> <span class='ocrx_word' id='word_1_118' title='bbox 1054 1537 1137 1600; x_wconf 81' lang='lat' dir='ltr'>quem</span> 
     </span>
    </p>
   </div>
   <div class='ocr_carea' id='block_1_4' title="bbox 55 1596 1267 1677">
    <p class='ocr_par' dir='ltr' id='par_1_5' title="bbox 55 1596 1267 1677">
     <span class='ocr_line' id='line_1_14' title="bbox 55 1596 1267 1677; baseline 0.002 -21"><span class='ocrx_word' id='word_1_119' title='bbox 55 1606 163 1657; x_wconf 84' lang='lat' dir='ltr'>contra</span> <span class='ocrx_word' id='word_1_120' title='bbox 182 1596 398 1655; x_wconf 78' lang='lat' dir='ltr'>obtrectatores</span> <span class='ocrx_word' id='word_1_121' title='bbox 422 1598 538 1671; x_wconf 69' lang='lat' dir='ltr'>Virgilii</span> <span class='ocrx_word' id='word_1_122' title='bbox 553 1600 688 1677; x_wconf 79' lang='lat' dir='ltr'>scripsit,</span> <span class='ocrx_word' id='word_1_123' title='bbox 717 1618 815 1677; x_wconf 88' lang='lat' dir='ltr'>pauca</span> <span class='ocrx_word' id='word_1_124' title='bbox 835 1597 994 1657; x_wconf 81' lang='lat' dir='ltr'>admodum</span> <span class='ocrx_word' id='word_1_125' title='bbox 1015 1602 1044 1657; x_wconf 89' lang='lat' dir='ltr'>ei</span> <span class='ocrx_word' id='word_1_126' title='bbox 1061 1599 1141 1658; x_wconf 85' lang='lat' dir='ltr'>obie—</span> <span class='ocrx_word' id='word_1_127' title='bbox 1261 1641 1267 1649; x_wconf 85' lang='lat'><em>-</em></span> 
     </span>
    </p>
   </div>
   <div class='ocr_carea' id='block_1_5' title="bbox 45 1679 1224 4279">
    <p class='ocr_par' dir='ltr' id='par_1_6' title="bbox 56 1679 1224 1921">
     <span class='ocr_line' id='line_1_15' title="bbox 56 1679 1207 1760; baseline 0.002 -23"><span class='ocrx_word' id='word_1_128' title='bbox 56 1688 112 1737; x_wconf 87' lang='lat' dir='ltr'>cta</span> <span class='ocrx_word' id='word_1_129' title='bbox 129 1680 231 1759; x_wconf 88' lang='lat' dir='ltr'>ponit;</span> <span class='ocrx_word' id='word_1_130' title='bbox 263 1685 294 1735; x_wconf 89' lang='lat' dir='ltr'>et</span> <span class='ocrx_word' id='word_1_131' title='bbox 312 1681 514 1757; x_wconf 88' lang='lat' dir='ltr'>potissimum,</span> <span class='ocrx_word' id='word_1_132' title='bbox 536 1679 614 1760; x_wconf 80' lang='lat' dir='ltr'>quod</span> <span class='ocrx_word' id='word_1_133' title='bbox 632 1700 687 1738; x_wconf 91' lang='lat' dir='ltr'>non</span> <span class='ocrx_word' id='word_1_134' title='bbox 708 1690 785 1738; x_wconf 90' lang='lat' dir='ltr'>recte</span> <span class='ocrx_word' id='word_1_135' title='bbox 802 1680 958 1739; x_wconf 76' lang='lat' dir='ltr'>historiam</span> <span class='ocrx_word' id='word_1_136' title='bbox 978 1682 1141 1757; x_wconf 73' lang='lat' dir='ltr'>contexuit,</span> <span class='ocrx_word' id='word_1_137' title='bbox 1200 1718 1207 1727; x_wconf 90' lang='lat'>·</span> 
     </span>
     <span class='ocr_line' id='line_1_16' title="bbox 56 1758 1116 1841; baseline 0 -22"><span class='ocrx_word' id='word_1_138' title='bbox 56 1769 90 1819; x_wconf 85' lang='lat' dir='ltr'>ct</span> <span class='ocrx_word' id='word_1_139' title='bbox 109 1758 189 1841; x_wconf 79' lang='lat' dir='ltr'>quod</span> <span class='ocrx_word' id='word_1_140' title='bbox 200 1760 344 1839; x_wconf 76' lang='lat' dir='ltr'>pleraque</span> <span class='ocrx_word' id='word_1_141' title='bbox 363 1760 402 1818; x_wconf 86' lang='lat' dir='ltr'>ah</span> <span class='ocrx_word' id='word_1_142' title='bbox 423 1759 556 1819; x_wconf 82' lang='lat' dir='ltr'>Homero</span> <span class='ocrx_word' id='word_1_143' title='bbox 576 1764 707 1841; x_wconf 78' lang='lat' dir='ltr'>sumpsit.</span> <span class='ocrx_word' id='word_1_144' title='bbox 1112 1760 1116 1773; x_wconf 92' lang='lat'>&#39;</span> 
     </span>
     <span class='ocr_line' id='line_1_17' title="bbox 143 1839 1224 1921; baseline 0.003 -23"><span class='ocrx_word' id='word_1_145' title='bbox 143 1858 199 1898; x_wconf 85' lang='lat' dir='ltr'>nec</span> <span class='ocrx_word' id='word_1_146' title='bbox 217 1840 293 1899; x_wconf 86' lang='lat' dir='ltr'>ullus</span> <span class='ocrx_word' id='word_1_147' title='bbox 309 1839 417 1918; x_wconf 84' lang='lat' dir='ltr'>Asinii]</span> <span class='ocrx_word' id='word_1_148' title='bbox 438 1839 488 1900; x_wconf 69' lang='lat' dir='ltr'>Cf.</span> <span class='ocrx_word' id='word_1_149' title='bbox 504 1840 579 1899; x_wconf 92' lang='lat' dir='ltr'>Dial.</span> <span class='ocrx_word' id='word_1_150' title='bbox 600 1863 644 1921; x_wconf 89' lang='lat' dir='ltr'>ep.</span> <span class='ocrx_word' id='word_1_151' title='bbox 661 1846 707 1899; x_wconf 91' lang='grc'>17.</span> <span class='ocrx_word' id='word_1_152' title='bbox 722 1846 771 1901; x_wconf 86' lang='grc'>21.</span> <span class='ocrx_word' id='word_1_153' title='bbox 786 1847 835 1902; x_wconf 82' lang='grc'><strong>25.</strong></span> <span class='ocrx_word' id='word_1_154' title='bbox 850 1842 898 1903; x_wconf 87' lang='grc'><strong>34.</strong></span> <span class='ocrx_word' id='word_1_155' title='bbox 913 1846 962 1901; x_wconf 87' lang='grc'><strong>38.</strong></span> <span class='ocrx_word' id='word_1_156' title='bbox 1003 1841 1140 1901; x_wconf 75' lang='lat' dir='ltr'>Asinium</span> <span class='ocrx_word' id='word_1_157' title='bbox 1219 1874 1224 1888; x_wconf 86' lang='lat'><strong>·</strong></span> 
     </span>
    </p>

    <p class='ocr_par' dir='ltr' id='par_1_7' title="bbox 56 1920 1140 2330">
     <span class='ocr_line' id='line_1_18' title="bbox 57 1920 1140 1998; baseline 0.001 -16"><span class='ocrx_word' id='word_1_158' title='bbox 57 1932 92 1982; x_wconf 83' lang='lat' dir='ltr'>et</span> <span class='ocrx_word' id='word_1_159' title='bbox 111 1920 277 1981; x_wconf 75' lang='lat' dir='ltr'>Messallam</span> <span class='ocrx_word' id='word_1_160' title='bbox 298 1920 451 1980; x_wconf 84' lang='lat' dir='ltr'>coniunxit</span> <span class='ocrx_word' id='word_1_161' title='bbox 472 1922 541 1981; x_wconf 86' lang='lat' dir='ltr'>Tac.</span> <span class='ocrx_word' id='word_1_162' title='bbox 562 1922 641 1980; x_wconf 88' lang='lat' dir='ltr'>Anu.</span> <span class='ocrx_word' id='word_1_163' title='bbox 660 1926 710 1997; x_wconf 87' lang='lat' dir='ltr'>Xl,</span> <span class='ocrx_word' id='word_1_164' title='bbox 732 1929 760 1982; x_wconf 91' lang='grc'><strong>6.</strong></span> <span class='ocrx_word' id='word_1_165' title='bbox 786 1930 813 1982; x_wconf 89' lang='grc'>7.</span> <span class='ocrx_word' id='word_1_166' title='bbox 846 1923 877 1981; x_wconf 86' lang='lat' dir='ltr'>C.</span> <span class='ocrx_word' id='word_1_167' title='bbox 894 1921 1015 1982; x_wconf 84' lang='lat' dir='ltr'>Asinius</span> <span class='ocrx_word' id='word_1_168' title='bbox 1033 1923 1140 1998; x_wconf 86' lang='lat' dir='ltr'>Pollio,</span> 
     </span>
     <span class='ocr_line' id='line_1_19' title="bbox 56 2000 1140 2085; baseline 0.002 -22"><span class='ocrx_word' id='word_1_169' title='bbox 56 2014 120 2063; x_wconf 86' lang='lat' dir='ltr'>nat.</span> <span class='ocrx_word' id='word_1_170' title='bbox 151 2006 220 2062; x_wconf 84' lang='grc'><strong>679.</strong></span> <span class='ocrx_word' id='word_1_171' title='bbox 247 2004 286 2061; x_wconf 91' lang='lat' dir='ltr'>U.</span> <span class='ocrx_word' id='word_1_172' title='bbox 315 2000 349 2063; x_wconf 89' lang='lat' dir='ltr'>C.</span> <span class='ocrx_word' id='word_1_173' title='bbox 376 2013 406 2062; x_wconf 91' lang='lat' dir='ltr'>et</span> <span class='ocrx_word' id='word_1_174' title='bbox 429 2003 583 2062; x_wconf 88' lang='lat' dir='ltr'>consulatu</span> <span class='ocrx_word' id='word_1_175' title='bbox 609 2003 728 2063; x_wconf 87' lang='lat' dir='ltr'>functus</span> <span class='ocrx_word' id='word_1_176' title='bbox 757 2007 827 2065; x_wconf 91' lang='grc'><strong>744.</strong></span> <span class='ocrx_word' id='word_1_177' title='bbox 861 2024 953 2085; x_wconf 87' lang='lat' dir='ltr'>paene</span> <span class='ocrx_word' id='word_1_178' title='bbox 978 2004 1014 2064; x_wconf 89' lang='lat' dir='ltr'>ad</span> <span class='ocrx_word' id='word_1_179' title='bbox 1041 2016 1140 2065; x_wconf 87' lang='lat' dir='ltr'>extre·</span> 
     </span>
     <span class='ocr_line' id='line_1_20' title="bbox 56 2082 1140 2169; baseline 0.001 -24"><span class='ocrx_word' id='word_1_180' title='bbox 56 2104 143 2165; x_wconf 81' lang='lat' dir='ltr'>mum</span> <span class='ocrx_word' id='word_1_181' title='bbox 160 2082 289 2165; x_wconf 79' lang='lat' dir='ltr'>Augusti</span> <span class='ocrx_word' id='word_1_182' title='bbox 306 2083 501 2163; x_wconf 79' lang='lat' dir='ltr'>principatum</span> <span class='ocrx_word' id='word_1_183' title='bbox 518 2084 599 2144; x_wconf 82' lang='lat' dir='ltr'>vixit.</span> <span class='ocrx_word' id='word_1_184' title='bbox 641 2085 710 2144; x_wconf 86' lang='lat' dir='ltr'>Fuit</span> <span class='ocrx_word' id='word_1_185' title='bbox 729 2086 854 2169; x_wconf 86' lang='lat' dir='ltr'>partium</span> <span class='ocrx_word' id='word_1_186' title='bbox 871 2083 1004 2146; x_wconf 87' lang='lat' dir='ltr'>Caesaris</span> <span class='ocrx_word' id='word_1_187' title='bbox 1024 2086 1140 2146; x_wconf 88' lang='lat' dir='ltr'>studio·</span> 
     </span>
     <span class='ocr_line' id='line_1_21' title="bbox 57 2163 1140 2330; baseline 0.003 -24"><span class='ocrx_word' id='word_1_188' title='bbox 57 2163 340 2306; x_wconf 71' lang='lat' dir='ltr'>ilitsi⁰⁶lil⁵⁰i</span> <span class='ocrx_word' id='word_1_189' title='bbox 361 2165 721 2308; x_wconf 57' lang='lat' dir='ltr'>lioelhsilalilllillli}s</span> <span class='ocrx_word' id='word_1_190' title='bbox 741 2165 1140 2330; x_wconf 45' lang='lat' dir='ltr'>&#39;iliislliilieliihiilii</span> 
     </span>
    </p>

    <p class='ocr_par' dir='ltr' id='par_1_8' title="bbox 180 2288 855 2323">
     <span class='ocr_line' id='line_1_22' title="bbox 180 2288 855 2323; baseline 0.004 -3"><span class='ocrx_word' id='word_1_191' title='bbox 180 2288 188 2303; x_wconf 85' lang='lat'><em>⁰</em></span> <span class='ocrx_word' id='word_1_192' title='bbox 288 2288 295 2303; x_wconf 94' lang='lat'><strong>·</strong></span> <span class='ocrx_word' id='word_1_193' title='bbox 333 2289 343 2320; x_wconf 79' lang='grc'>1</span> <span class='ocrx_word' id='word_1_194' title='bbox 407 2288 414 2303; x_wconf 86' lang='grc'><em>·</em></span> <span class='ocrx_word' id='word_1_195' title='bbox 719 2292 729 2323; x_wconf 84' lang='grc'>1</span> <span class='ocrx_word' id='word_1_196' title='bbox 845 2292 855 2323; x_wconf 84' lang='grc'>1</span> 
     </span>
    </p>

    <p class='ocr_par' dir='ltr' id='par_1_9' title="bbox 45 2325 1178 4279">
     <span class='ocr_line' id='line_1_23' title="bbox 57 2325 1140 2410; baseline 0.003 -23"><span class='ocrx_word' id='word_1_197' title='bbox 57 2326 93 2387; x_wconf 90' lang='lat' dir='ltr'>in</span> <span class='ocrx_word' id='word_1_198' title='bbox 120 2325 246 2403; x_wconf 83' lang='lat' dir='ltr'>dicendo</span> <span class='ocrx_word' id='word_1_199' title='bbox 266 2326 425 2387; x_wconf 81' lang='lat' dir='ltr'>retinuisse</span> <span class='ocrx_word' id='word_1_200' title='bbox 454 2338 600 2387; x_wconf 86' lang='lat' dir='ltr'>narratur.</span> <span class='ocrx_word' id='word_1_201' title='bbox 638 2331 741 2389; x_wconf 87' lang='lat' dir='ltr'>Senec.</span> <span class='ocrx_word' id='word_1_202' title='bbox 762 2328 908 2389; x_wconf 87' lang='lat' dir='ltr'>Controv.</span> <span class='ocrx_word' id='word_1_203' title='bbox 928 2330 961 2388; x_wconf 78' lang='lat' dir='ltr'>l..</span> <span class='ocrx_word' id='word_1_204' title='bbox 981 2332 1032 2387; x_wconf 89' lang='lat' dir='ltr'>IV.</span> <span class='ocrx_word' id='word_1_205' title='bbox 1049 2329 1140 2410; x_wconf 84' lang='lat' dir='ltr'>praei.</span> 
     </span>
     <span class='ocr_line' id='line_1_24' title="bbox 58 2400 1138 2491; baseline 0.001 -22"><span class='ocrx_word' id='word_1_206' title='bbox 58 2430 91 2491; x_wconf 80' lang='lat' dir='ltr'>p.</span> <span class='ocrx_word' id='word_1_207' title='bbox 109 2410 181 2469; x_wconf 79' lang='grc'><strong>413.</strong></span> <span class='ocrx_word' id='word_1_208' title='bbox 210 2407 264 2466; x_wconf 78' lang='lat' dir='ltr'>Et.</span> <span class='ocrx_word' id='word_1_209' title='bbox 285 2407 349 2489; x_wconf 90' lang='lat' dir='ltr'>Bip.</span> <span class='ocrx_word' id='word_1_210' title='bbox 370 2400 550 2468; x_wconf 79' lang='lat' dir='ltr'>memorat&#39;ur</span> <span class='ocrx_word' id='word_1_211' title='bbox 572 2409 635 2469; x_wconf 87' lang='lat' dir='ltr'>eins</span> <span class='ocrx_word' id='word_1_212' title='bbox 655 2410 836 2469; x_wconf 82' lang='lat' dir='ltr'>vehementia</span> <span class='ocrx_word' id='word_1_213' title='bbox 857 2421 887 2470; x_wconf 88' lang='lat' dir='ltr'>et</span> <span class='ocrx_word' id='word_1_214' title='bbox 907 2421 1010 2469; x_wconf 85' lang='lat' dir='ltr'>natura</span> <span class='ocrx_word' id='word_1_215' title='bbox 1030 2423 1138 2470; x_wconf 86' lang='lat' dir='ltr'>coutu-</span> 
     </span>
     <span class='ocr_line' id='line_1_25' title="bbox 54 2487 1139 2570; baseline 0.002 -19"><span class='ocrx_word' id='word_1_216' title='bbox 54 2510 146 2551; x_wconf 68' lang='lat' dir='ltr'>-rnan¹</span> <span class='ocrx_word' id='word_1_217' title='bbox 162 2488 280 2548; x_wconf 64' lang='lat' dir='ltr'>Voluit</span> <span class='ocrx_word' id='word_1_218' title='bbox 296 2488 462 2569; x_wconf 84' lang='lat' dir='ltr'>eloquentia</span> <span class='ocrx_word' id='word_1_219' title='bbox 485 2487 650 2568; x_wconf 87' lang='lat' dir='ltr'>multasque</span> <span class='ocrx_word' id='word_1_220' title='bbox 668 2489 770 2549; x_wconf 87' lang='lat' dir='ltr'>habuit</span> <span class='ocrx_word' id='word_1_221' title='bbox 790 2501 819 2549; x_wconf 87' lang='lat' dir='ltr'>et</span> <span class='ocrx_word' id='word_1_222' title='bbox 839 2489 958 2570; x_wconf 86' lang='lat' dir='ltr'>scripsit</span> <span class='ocrx_word' id='word_1_223' title='bbox 978 2492 1139 2569; x_wconf 88' lang='lat' dir='ltr'>orationes,</span> 
     </span>
     <span class='ocr_line' id='line_1_26' title="bbox 58 2566 1139 2653; baseline 0 -21"><span class='ocrx_word' id='word_1_224' title='bbox 58 2569 146 2633; x_wconf 77' lang='lat' dir='ltr'>velut</span> <span class='ocrx_word' id='word_1_225' title='bbox 165 2569 198 2629; x_wconf 88' lang='lat' dir='ltr'>in</span> <span class='ocrx_word' id='word_1_226' title='bbox 217 2566 253 2630; x_wconf 88' lang='lat' dir='ltr'>C.</span> <span class='ocrx_word' id='word_1_227' title='bbox 274 2568 433 2647; x_wconf 87' lang='lat' dir='ltr'>Catonem,</span> <span class='ocrx_word' id='word_1_228' title='bbox 461 2591 517 2650; x_wconf 93' lang='lat' dir='ltr'>pro</span> <span class='ocrx_word' id='word_1_229' title='bbox 536 2570 650 2644; x_wconf 86' lang='lat' dir='ltr'>Lamia,</span> <span class='ocrx_word' id='word_1_230' title='bbox 665 2586 734 2651; x_wconf 82' lang='lat' dir='ltr'>&#39;pro</span> <span class='ocrx_word' id='word_1_231' title='bbox 755 2571 855 2630; x_wconf 90' lang='lat' dir='ltr'>Nonio</span> <span class='ocrx_word' id='word_1_232' title='bbox 875 2571 1057 2651; x_wconf 77' lang='lat' dir='ltr'>Asprenate,</span> <span class='ocrx_word' id='word_1_233' title='bbox 1081 2592 1139 2653; x_wconf 90' lang='lat' dir='ltr'>pro</span> 
     </span>
     <span class='ocr_line' id='line_1_27' title="bbox 59 2650 1140 2735; baseline 0.002 -23"><span class='ocrx_word' id='word_1_234' title='bbox 59 2650 207 2729; x_wconf 69' lang='lat' dir='ltr'>moreto,</span> <span class='ocrx_word' id='word_1_235' title='bbox 239 2650 440 2731; x_wconf 86' lang='lat' dir='ltr'>Apollodoro,</span> <span class='ocrx_word' id='word_1_236' title='bbox 467 2672 523 2731; x_wconf 92' lang='lat' dir='ltr'>pro</span> <span class='ocrx_word' id='word_1_237' title='bbox 544 2651 701 2712; x_wconf 83' lang='lat' dir='ltr'>heredibus</span> <span class='ocrx_word' id='word_1_238' title='bbox 727 2651 869 2713; x_wconf 79' lang='lat' dir='ltr'>Urbiniae</span> <span class='ocrx_word' id='word_1_239' title='bbox 895 2651 930 2712; x_wconf 88' lang='lat' dir='ltr'>al.</span> <span class='ocrx_word' id='word_1_240' title='bbox 965 2652 1140 2735; x_wconf 82' lang='lat' dir='ltr'>Reprehen-</span> 
     </span>
     <span class='ocr_line' id='line_1_28' title="bbox 59 2729 1140 2890; baseline 0.003 -16"><span class='ocrx_word' id='word_1_241' title='bbox 59 2729 1140 2890; x_wconf 53' lang='grc'><strong>88111111’.1111181111113111111111</strong></span> 
     </span>
     <span class='ocr_line' id='line_1_29' title="bbox 59 2835 1139 2978; baseline 0.004 -23"><span class='ocrx_word' id='word_1_242' title='bbox 59 2894 163 2955; x_wconf 83' lang='lat' dir='ltr'>Multa</span> <span class='ocrx_word' id='word_1_243' title='bbox 181 2897 212 2952; x_wconf 91' lang='lat' dir='ltr'>in</span> <span class='ocrx_word' id='word_1_244' title='bbox 230 2835 335 2954; x_wconf 75' lang='lat' dir='ltr'>1llsinio</span> <span class='ocrx_word' id='word_1_245' title='bbox 349 2890 488 2955; x_wconf 75' lang='lat' dir='ltr'>Pollione</span> <span class='ocrx_word' id='word_1_246' title='bbox 510 2900 652 2971; x_wconf 80' lang='lat' dir='ltr'>inventio,</span> <span class='ocrx_word' id='word_1_247' title='bbox 678 2916 795 2957; x_wconf 90' lang='lat' dir='ltr'>summa</span> <span class='ocrx_word' id='word_1_248' title='bbox 815 2860 1067 2978; x_wconf 56' lang='lat' dir='ltr'>attigeurtaltxh,</span> <span class='ocrx_word' id='word_1_249' title='bbox 1088 2903 1139 2977; x_wconf 89' lang='lat'>10,</span> 
     </span>
     <span class='ocr_line' id='line_1_30' title="bbox 63 2970 1140 3059; baseline 0.003 -22"><span class='ocrx_word' id='word_1_250' title='bbox 63 2970 147 3055; x_wconf 71' lang='grc'><strong>11),</strong></span> <span class='ocrx_word' id='word_1_251' title='bbox 171 2974 248 3037; x_wconf 81' lang='lat' dir='ltr'>adeo</span> <span class='ocrx_word' id='word_1_252' title='bbox 274 2985 307 3035; x_wconf 88' lang='lat' dir='ltr'>ut</span> <span class='ocrx_word' id='word_1_253' title='bbox 329 2976 502 3059; x_wconf 80' lang='lat' dir='ltr'>quidusdam</span> <span class='ocrx_word' id='word_1_254' title='bbox 525 2980 616 3039; x_wconf 81' lang='lat' dir='ltr'>etiarn</span> <span class='ocrx_word' id='word_1_255' title='bbox 634 2982 727 3037; x_wconf 87' lang='lat' dir='ltr'>nimia</span> <span class='ocrx_word' id='word_1_256' title='bbox 747 2978 898 3037; x_wconf 80' lang='lat' dir='ltr'>uideatur:</span> <span class='ocrx_word' id='word_1_257' title='bbox 929 2988 960 3037; x_wconf 87' lang='lat' dir='ltr'>et</span> <span class='ocrx_word' id='word_1_258' title='bbox 978 2982 1092 3039; x_wconf 86' lang='lat' dir='ltr'>consilii</span> <span class='ocrx_word' id='word_1_259' title='bbox 1109 2991 1140 3041; x_wconf 85' lang='lat' dir='ltr'>et</span> 
     </span>
     <span class='ocr_line' id='line_1_31' title="bbox 60 3058 1140 3136; baseline 0.004 -19"><span class='ocrx_word' id='word_1_260' title='bbox 60 3058 159 3117; x_wconf 79' lang='lat' dir='ltr'>animi</span> <span class='ocrx_word' id='word_1_261' title='bbox 176 3060 272 3115; x_wconf 82' lang='lat' dir='ltr'>satis:</span> <span class='ocrx_word' id='word_1_262' title='bbox 299 3077 320 3115; x_wconf 90' lang='lat' dir='ltr'>a</span> <span class='ocrx_word' id='word_1_263' title='bbox 339 3061 434 3118; x_wconf 86' lang='lat' dir='ltr'>nitore</span> <span class='ocrx_word' id='word_1_264' title='bbox 455 3068 484 3117; x_wconf 90' lang='lat' dir='ltr'>et</span> <span class='ocrx_word' id='word_1_265' title='bbox 500 3059 684 3118; x_wconf 83' lang='lat' dir='ltr'>iucunditate</span> <span class='ocrx_word' id='word_1_266' title='bbox 712 3060 859 3119; x_wconf 87' lang='lat' dir='ltr'>Ciceronis</span> <span class='ocrx_word' id='word_1_267' title='bbox 878 3063 922 3118; x_wconf 90' lang='lat' dir='ltr'>ita</span> <span class='ocrx_word' id='word_1_268' title='bbox 942 3061 1026 3135; x_wconf 73' lang='lat' dir='ltr'>longe</span> <span class='ocrx_word' id='word_1_269' title='bbox 1045 3062 1140 3136; x_wconf 84' lang='lat' dir='ltr'>abest,</span> 
     </span>
     <span class='ocr_line' id='line_1_32' title="bbox 62 3136 1140 3221; baseline 0.003 -23"><span class='ocrx_word' id='word_1_270' title='bbox 62 3148 98 3198; x_wconf 85' lang='lat' dir='ltr'>ut</span> <span class='ocrx_word' id='word_1_271' title='bbox 119 3136 213 3196; x_wconf 75' lang='lat' dir='ltr'>rideri</span> <span class='ocrx_word' id='word_1_272' title='bbox 234 3142 328 3217; x_wconf 85' lang='lat' dir='ltr'>possit</span> <span class='ocrx_word' id='word_1_273' title='bbox 345 3141 463 3198; x_wconf 83' lang='lat' dir='ltr'>saecuto</span> <span class='ocrx_word' id='word_1_274' title='bbox 481 3141 571 3219; x_wconf 76' lang='lat' dir='ltr'>prior.</span> <span class='ocrx_word' id='word_1_275' title='bbox 600 3139 669 3221; x_wconf 90' lang='lat' dir='ltr'>ibiq.</span> <span class='ocrx_word' id='word_1_276' title='bbox 690 3140 811 3200; x_wconf 87' lang='lat' dir='ltr'>Herbst.</span> <span class='ocrx_word' id='word_1_277' title='bbox 829 3142 933 3200; x_wconf 88' lang='lat' dir='ltr'>Senee.</span> <span class='ocrx_word' id='word_1_278' title='bbox 952 3137 1099 3201; x_wconf 86' lang='lat' dir='ltr'>Contror.</span> <span class='ocrx_word' id='word_1_279' title='bbox 1119 3140 1140 3203; x_wconf 92' lang='lat' dir='ltr'>l.</span> 
     </span>
     <span class='ocr_line' id='line_1_33' title="bbox 61 3218 1140 3302; baseline 0.004 -23"><span class='ocrx_word' id='word_1_280' title='bbox 61 3218 84 3279; x_wconf 93' lang='lat' dir='ltr'>l.</span> <span class='ocrx_word' id='word_1_281' title='bbox 124 3218 275 3278; x_wconf 70' lang='lat' dir='ltr'>floridior</span> <span class='ocrx_word' id='word_1_282' title='bbox 296 3230 363 3278; x_wconf 86' lang='lat' dir='ltr'>erat</span> <span class='ocrx_word' id='word_1_283' title='bbox 384 3220 544 3302; x_wconf 85' lang='lat' dir='ltr'>aliquando</span> <span class='ocrx_word' id='word_1_284' title='bbox 572 3223 602 3279; x_wconf 88' lang='lat' dir='ltr'>in</span> <span class='ocrx_word' id='word_1_285' title='bbox 624 3220 815 3281; x_wconf 87' lang='lat' dir='ltr'>declamando</span> <span class='ocrx_word' id='word_1_286' title='bbox 839 3241 928 3302; x_wconf 82' lang='lat' dir='ltr'>quam</span> <span class='ocrx_word' id='word_1_287' title='bbox 958 3223 988 3279; x_wconf 88' lang='lat' dir='ltr'>in</span> <span class='ocrx_word' id='word_1_288' title='bbox 1014 3222 1140 3298; x_wconf 74' lang='lat' dir='ltr'>agendo.</span> 
     </span>
     <span class='ocr_line' id='line_1_34' title="bbox 61 3298 1142 3381; baseline 0.006 -23"><span class='ocrx_word' id='word_1_289' title='bbox 61 3298 146 3373; x_wconf 78' lang='grc'><strong>1111111</strong></span> <span class='ocrx_word' id='word_1_290' title='bbox 159 3304 294 3361; x_wconf 82' lang='lat' dir='ltr'>strictum</span> <span class='ocrx_word' id='word_1_291' title='bbox 315 3304 378 3359; x_wconf 88' lang='lat' dir='ltr'>eius</span> <span class='ocrx_word' id='word_1_292' title='bbox 396 3311 426 3359; x_wconf 88' lang='lat' dir='ltr'>et</span> <span class='ocrx_word' id='word_1_293' title='bbox 441 3320 577 3381; x_wconf 85' lang='lat' dir='ltr'>asperum</span> <span class='ocrx_word' id='word_1_294' title='bbox 599 3310 628 3360; x_wconf 90' lang='lat' dir='ltr'>et</span> <span class='ocrx_word' id='word_1_295' title='bbox 648 3305 735 3381; x_wconf 80' lang='lat' dir='ltr'>nimis</span> <span class='ocrx_word' id='word_1_296' title='bbox 755 3312 855 3361; x_wconf 88' lang='lat' dir='ltr'>ratum</span> <span class='ocrx_word' id='word_1_297' title='bbox 873 3306 904 3361; x_wconf 89' lang='lat' dir='ltr'>in</span> <span class='ocrx_word' id='word_1_298' title='bbox 924 3302 1044 3364; x_wconf 84' lang='lat' dir='ltr'>dicendo</span> <span class='ocrx_word' id='word_1_299' title='bbox 1062 3306 1142 3365; x_wconf 84' lang='lat' dir='ltr'>iudi-</span> 
     </span>
     <span class='ocr_line' id='line_1_35' title="bbox 62 3380 1178 3469; baseline 0.004 -28"><span class='ocrx_word' id='word_1_300' title='bbox 62 3380 143 3441; x_wconf 79' lang='lat' dir='ltr'>c&#39;ium</span> <span class='ocrx_word' id='word_1_301' title='bbox 157 3381 242 3442; x_wconf 82' lang='lat' dir='ltr'>,adeo</span> <span class='ocrx_word' id='word_1_302' title='bbox 270 3382 423 3454; x_wconf 78' lang='lat' dir='ltr'>cessabat,</span> <span class='ocrx_word' id='word_1_303' title='bbox 450 3386 534 3440; x_wconf 89' lang='lat' dir='ltr'>utin</span> <span class='ocrx_word' id='word_1_304' title='bbox 555 3384 720 3442; x_wconf 84' lang='lat' dir='ltr'>muttis&#39;itti</span> <span class='ocrx_word' id='word_1_305' title='bbox 738 3386 822 3442; x_wconf 81' lang='lat' dir='ltr'>uenia</span> <span class='ocrx_word' id='word_1_306' title='bbox 848 3403 920 3464; x_wconf 87' lang='lat' dir='ltr'>opus</span> <span class='ocrx_word' id='word_1_307' title='bbox 941 3394 1033 3459; x_wconf 88' lang='lat' dir='ltr'>esset,</span> <span class='ocrx_word' id='word_1_308' title='bbox 1063 3406 1141 3469; x_wconf 84' lang='lat' dir='ltr'>quae</span> <span class='ocrx_word' id='word_1_309' title='bbox 1174 3406 1178 3412; x_wconf 83' lang='lat'><strong>·</strong></span> 
     </span>
     <span class='ocr_line' id='line_1_36' title="bbox 45 3462 1141 3545; baseline 0.006 -23"><span class='ocrx_word' id='word_1_310' title='bbox 45 3462 104 3523; x_wconf 80' lang='lat' dir='ltr'>&#39;nh</span> <span class='ocrx_word' id='word_1_311' title='bbox 123 3464 187 3543; x_wconf 86' lang='lat' dir='ltr'>ipso</span> <span class='ocrx_word' id='word_1_312' title='bbox 207 3465 256 3521; x_wconf 80' lang='lat' dir='ltr'>eia</span> <span class='ocrx_word' id='word_1_313' title='bbox 278 3463 502 3544; x_wconf 83' lang='lat' dir='ltr'>impetrabatur.</span> <span class='ocrx_word' id='word_1_314' title='bbox 537 3463 669 3543; x_wconf 73' lang='lat' dir='ltr'>Scripsit</span> <span class='ocrx_word' id='word_1_315' title='bbox 687 3486 806 3545; x_wconf 90' lang='lat' dir='ltr'>qnoque</span> <span class='ocrx_word' id='word_1_316' title='bbox 826 3463 978 3525; x_wconf 85' lang='lat' dir='ltr'>historiam</span> <span class='ocrx_word' id='word_1_317' title='bbox 994 3465 1141 3529; x_wconf 89' lang='lat' dir='ltr'>bellorum</span> 
     </span>
     <span class='ocr_line' id='line_1_37' title="bbox 63 3541 1140 3629; baseline 0.005 -25"><span class='ocrx_word' id='word_1_318' title='bbox 63 3541 195 3605; x_wconf 83' lang='lat' dir='ltr'>civilium</span> <span class='ocrx_word' id='word_1_319' title='bbox 215 3564 232 3603; x_wconf 83' lang='lat' dir='ltr'>a</span> <span class='ocrx_word' id='word_1_320' title='bbox 252 3541 375 3604; x_wconf 81' lang='lat' dir='ltr'>Caesare</span> <span class='ocrx_word' id='word_1_321' title='bbox 392 3565 488 3624; x_wconf 89' lang='lat' dir='ltr'>usque</span> <span class='ocrx_word' id='word_1_322' title='bbox 508 3541 544 3601; x_wconf 88' lang='lat' dir='ltr'>ad</span> <span class='ocrx_word' id='word_1_323' title='bbox 558 3543 727 3627; x_wconf 88' lang='lat' dir='ltr'>Augustum</span> <span class='ocrx_word' id='word_1_324' title='bbox 746 3548 779 3604; x_wconf 88' lang='lat' dir='ltr'>L.</span> <span class='ocrx_word' id='word_1_325' title='bbox 801 3550 889 3604; x_wconf 89' lang='lat' dir='ltr'>xv11.</span> <span class='ocrx_word' id='word_1_326' title='bbox 910 3557 940 3606; x_wconf 91' lang='lat' dir='ltr'>et</span> <span class='ocrx_word' id='word_1_327' title='bbox 963 3549 1140 3629; x_wconf 80' lang='lat' dir='ltr'>tragoedias,</span> 
     </span>
     <span class='ocr_line' id='line_1_38' title="bbox 105 3624 1140 3705; baseline 0.005 -21"><span class='ocrx_word' id='word_1_328' title='bbox 105 3644 140 3686; x_wconf 89' lang='lat' dir='ltr'>ae</span> <span class='ocrx_word' id='word_1_329' title='bbox 156 3634 256 3705; x_wconf 71' lang='lat' dir='ltr'>tamen</span> <span class='ocrx_word' id='word_1_330' title='bbox 275 3624 305 3684; x_wconf 91' lang='lat' dir='ltr'>in</span> <span class='ocrx_word' id='word_1_331' title='bbox 327 3625 443 3686; x_wconf 85' lang='lat' dir='ltr'>theatro</span> <span class='ocrx_word' id='word_1_332' title='bbox 471 3645 532 3684; x_wconf 91' lang='lat' dir='ltr'>non</span> <span class='ocrx_word' id='word_1_333' title='bbox 554 3636 624 3684; x_wconf 88' lang='lat' dir='ltr'>sunt</span> <span class='ocrx_word' id='word_1_334' title='bbox 649 3639 737 3687; x_wconf 82' lang='lat' dir='ltr'>actae.</span> <span class='ocrx_word' id='word_1_335' title='bbox 758 3627 794 3687; x_wconf 87' lang='lat' dir='ltr'>cl.</span> <span class='ocrx_word' id='word_1_336' title='bbox 815 3624 985 3686; x_wconf 87' lang='lat' dir='ltr'>Weichert.</span> <span class='ocrx_word' id='word_1_337' title='bbox 1010 3629 1045 3687; x_wconf 86' lang='lat' dir='ltr'>ad</span> <span class='ocrx_word' id='word_1_338' title='bbox 1073 3627 1140 3690; x_wconf 82' lang='lat' dir='ltr'>libr.</span> 
     </span>
     <span class='ocr_line' id='line_1_39' title="bbox 84 3705 1143 3790; baseline 0.006 -25"><span class='ocrx_word' id='word_1_339' title='bbox 84 3706 159 3771; x_wconf 65' lang='lat' dir='ltr'>elai</span> <span class='ocrx_word' id='word_1_340' title='bbox 173 3707 265 3764; x_wconf 81' lang='lat' dir='ltr'>Vario</span> <span class='ocrx_word' id='word_1_341' title='bbox 285 3717 340 3766; x_wconf 88' lang='lat' dir='ltr'>etc.</span> <span class='ocrx_word' id='word_1_342' title='bbox 359 3707 483 3766; x_wconf 85' lang='lat' dir='ltr'>Excurs.</span> <span class='ocrx_word' id='word_1_343' title='bbox 504 3709 552 3764; x_wconf 89' lang='lat'>111.</span> <span class='ocrx_word' id='word_1_344' title='bbox 580 3706 616 3766; x_wconf 88' lang='lat' dir='ltr'>de</span> <span class='ocrx_word' id='word_1_345' title='bbox 636 3705 670 3766; x_wconf 88' lang='lat' dir='ltr'>C.</span> <span class='ocrx_word' id='word_1_346' title='bbox 692 3708 776 3767; x_wconf 86' lang='lat' dir='ltr'>Asin.</span> <span class='ocrx_word' id='word_1_347' title='bbox 814 3707 950 3767; x_wconf 90' lang='lat' dir='ltr'>Pollione</span> <span class='ocrx_word' id='word_1_348' title='bbox 975 3710 1143 3790; x_wconf 65' lang='lat' dir='ltr'>tragoediass</span> 
     </span>
     <span class='ocr_line' id='line_1_40' title="bbox 61 3786 1142 3869; baseline 0.006 -22"><span class='ocrx_word' id='word_1_349' title='bbox 61 3808 132 3859; x_wconf 86' lang='lat' dir='ltr'>rum</span> <span class='ocrx_word' id='word_1_350' title='bbox 152 3786 302 3867; x_wconf 76' lang='lat' dir='ltr'>scriptore</span> <span class='ocrx_word' id='word_1_351' title='bbox 325 3792 358 3867; x_wconf 72' lang='lat' dir='ltr'>p:</span> <span class='ocrx_word' id='word_1_352' title='bbox 377 3790 435 3847; x_wconf 88' lang='grc'>148</span> <span class='ocrx_word' id='word_1_353' title='bbox 455 3808 519 3867; x_wconf 77' lang='lat' dir='ltr'>sqq.</span> <span class='ocrx_word' id='word_1_354' title='bbox 559 3787 713 3848; x_wconf 86' lang='lat' dir='ltr'>Praeterea</span> <span class='ocrx_word' id='word_1_355' title='bbox 739 3801 854 3848; x_wconf 86' lang='lat' dir='ltr'>veteres</span> <span class='ocrx_word' id='word_1_356' title='bbox 880 3788 1142 3869; x_wconf 82' lang='lat' dir='ltr'>scriptores-iuss·</span> 
     </span>
     <span class='ocr_line' id='line_1_41' title="bbox 62 3866 1143 3949; baseline 0.007 -21"><span class='ocrx_word' id='word_1_357' title='bbox 62 3878 161 3928; x_wconf 85' lang='lat' dir='ltr'>etatus</span> <span class='ocrx_word' id='word_1_358' title='bbox 182 3880 245 3944; x_wconf 87' lang='lat' dir='ltr'>est,</span> <span class='ocrx_word' id='word_1_359' title='bbox 272 3878 307 3928; x_wconf 88' lang='lat' dir='ltr'>ut</span> <span class='ocrx_word' id='word_1_360' title='bbox 328 3866 462 3944; x_wconf 88' lang='lat' dir='ltr'>Livium,</span> <span class='ocrx_word' id='word_1_361' title='bbox 490 3868 522 3927; x_wconf 91' lang='lat' dir='ltr'>in</span> <span class='ocrx_word' id='word_1_362' title='bbox 547 3889 607 3947; x_wconf 91' lang='lat' dir='ltr'>quo</span> <span class='ocrx_word' id='word_1_363' title='bbox 633 3869 852 3929; x_wconf 86' lang='lat' dir='ltr'>Pataviuitatem</span> <span class='ocrx_word' id='word_1_364' title='bbox 876 3870 1083 3949; x_wconf 85' lang='lat' dir='ltr'>reprehendit,</span> <span class='ocrx_word' id='word_1_365' title='bbox 1110 3886 1143 3936; x_wconf 86' lang='lat' dir='ltr'>et</span> 
     </span>
     <span class='ocr_line' id='line_1_42' title="bbox 62 3947 1142 4045; baseline 0.006 -36"><span class='ocrx_word' id='word_1_366' title='bbox 62 3947 250 4009; x_wconf 82' lang='lat' dir='ltr'>Ciceronem.</span> <span class='ocrx_word' id='word_1_367' title='bbox 297 3948 454 4045; x_wconf 84' lang='lat' dir='ltr'>Virgilium</span> <span class='ocrx_word' id='word_1_368' title='bbox 483 3960 580 4009; x_wconf 87' lang='lat' dir='ltr'>autem</span> <span class='ocrx_word' id='word_1_369' title='bbox 611 3949 647 4008; x_wconf 91' lang='lat' dir='ltr'>ab</span> <span class='ocrx_word' id='word_1_370' title='bbox 668 3972 692 4009; x_wconf 91' lang='lat' dir='ltr'>a.</span> <span class='ocrx_word' id='word_1_371' title='bbox 715 3957 784 4010; x_wconf 82' lang='lat'>712.</span> <span class='ocrx_word' id='word_1_372' title='bbox 803 3951 841 4009; x_wconf 87' lang='lat' dir='ltr'>in</span> <span class='ocrx_word' id='word_1_373' title='bbox 866 3949 978 4011; x_wconf 86' lang='lat' dir='ltr'>deliciis</span> <span class='ocrx_word' id='word_1_374' title='bbox 1006 3953 1142 4034; x_wconf 79' lang='lat' dir='ltr'>hahebat,</span> 
     </span>
     <span class='ocr_line' id='line_1_43' title="bbox 62 4026 1142 4129; baseline 0.009 -41"><span class='ocrx_word' id='word_1_375' title='bbox 62 4030 117 4110; x_wconf 88' lang='lat' dir='ltr'>qui</span> <span class='ocrx_word' id='word_1_376' title='bbox 136 4026 241 4129; x_wconf 82' lang='lat' dir='ltr'>Eclog.</span> <span class='ocrx_word' id='word_1_377' title='bbox 260 4032 309 4087; x_wconf 85' lang='lat' dir='ltr'>lv.</span> <span class='ocrx_word' id='word_1_378' title='bbox 338 4051 365 4090; x_wconf 85' lang='lat' dir='ltr'>er</span> <span class='ocrx_word' id='word_1_379' title='bbox 383 4029 535 4111; x_wconf 85' lang='lat' dir='ltr'>inscripsit</span> <span class='ocrx_word' id='word_1_380' title='bbox 554 4051 679 4110; x_wconf 88' lang='lat' dir='ltr'>eumque</span> <span class='ocrx_word' id='word_1_381' title='bbox 700 4032 783 4093; x_wconf 86' lang='lat' dir='ltr'>valde</span> <span class='ocrx_word' id='word_1_382' title='bbox 802 4043 958 4093; x_wconf 82' lang='lat' dir='ltr'>veneratus</span> <span class='ocrx_word' id='word_1_383' title='bbox 980 4047 1034 4096; x_wconf 88' lang='lat' dir='ltr'>est.</span> <span class='ocrx_word' id='word_1_384' title='bbox 1073 4036 1142 4097; x_wconf 84' lang='lat' dir='ltr'>Pri·</span> 
     </span>
     <span class='ocr_line' id='line_1_44' title="bbox 63 4110 1141 4197; baseline 0.006 -26"><span class='ocrx_word' id='word_1_385' title='bbox 63 4132 131 4171; x_wconf 87' lang='lat' dir='ltr'>mus</span> <span class='ocrx_word' id='word_1_386' title='bbox 156 4110 363 4172; x_wconf 84' lang='lat' dir='ltr'>bibhothecam</span> <span class='ocrx_word' id='word_1_387' title='bbox 391 4111 428 4171; x_wconf 91' lang='lat' dir='ltr'>de</span> <span class='ocrx_word' id='word_1_388' title='bbox 454 4110 596 4171; x_wconf 87' lang='lat' dir='ltr'>manubiis</span> <span class='ocrx_word' id='word_1_389' title='bbox 625 4114 737 4173; x_wconf 87' lang='lat' dir='ltr'>Romae</span> <span class='ocrx_word' id='word_1_390' title='bbox 757 4112 932 4194; x_wconf 87' lang='lat' dir='ltr'>publicavit,</span> <span class='ocrx_word' id='word_1_391' title='bbox 959 4116 991 4176; x_wconf 91' lang='lat' dir='ltr'>in</span> <span class='ocrx_word' id='word_1_392' title='bbox 1019 4138 1077 4197; x_wconf 83' lang='lat' dir='ltr'>qua</span> <span class='ocrx_word' id='word_1_393' title='bbox 1097 4118 1141 4178; x_wconf 82' lang='grc' dir='ltr'><strong>Μ.</strong></span> 
     </span>
     <span class='ocr_line' id='line_1_45' title="bbox 62 4190 1141 4279; baseline 0.007 -29"><span class='ocrx_word' id='word_1_394' title='bbox 62 4192 214 4255; x_wconf 72' lang='lat' dir='ltr'>Van-uuit</span> <span class='ocrx_word' id='word_1_395' title='bbox 234 4190 297 4256; x_wconf 81' lang='lat' dir='ltr'>riri</span> <span class='ocrx_word' id='word_1_396' title='bbox 316 4192 472 4276; x_wconf 85' lang='lat' dir='ltr'>imaginem</span> <span class='ocrx_word' id='word_1_397' title='bbox 496 4190 608 4273; x_wconf 88' lang='lat' dir='ltr'>posuit.</span> <span class='ocrx_word' id='word_1_398' title='bbox 649 4194 836 4257; x_wconf 78' lang='lat' dir='ltr'>Veh-Manat.</span> <span class='ocrx_word' id='word_1_399' title='bbox 863 4195 900 4256; x_wconf 82' lang='grc'>111</span> <span class='ocrx_word' id='word_1_400' title='bbox 919 4193 983 4259; x_wconf 83' lang='lat' dir='ltr'>Cic.</span> <span class='ocrx_word' id='word_1_401' title='bbox 1001 4198 1076 4279; x_wconf 81' lang='lat' dir='ltr'>Epp.</span> <span class='ocrx_word' id='word_1_402' title='bbox 1104 4196 1141 4258; x_wconf 75' lang='lat' dir='ltr'>ael</span> 
     </span>
    </p>
   </div>
   <div class='ocr_carea' id='block_1_6' title="bbox 0 0 1328 4656">
    <p class='ocr_par' dir='ltr' id='par_1_10' title="bbox 0 0 1328 4656">
     <span class='ocr_line' id='line_1_46' title="bbox 0 0 1328 4656; baseline 0 0"><span class='ocrx_word' id='word_1_403' title='bbox 0 0 1328 4656; x_wconf 95' lang='lat' dir='ltr'> </span> 
     </span>
    </p>
   </div>
  </div>
 </body>
</html>
