2634 4656
525 284 604 366 cap.
627 284 672 347 ιι.
792 300 795 307 ·
1060 287 1135 349 ‘ri

52 453 136 527 erat,
162 435 335 537 profluens
360 463 470 510 sermo
494 456 563 511 nou
590 436 717 525 deluit,
744 452 776 509 et
791 436 885 536 Aper
909 434 1000 508 omni
1026 437 1140 511 erudi-

51 539 144 611 tione
167 536 317 611 imbutus
344 536 577 609 conlemnebat
601 539 713 637 potius
732 535 858 608 litteras
885 565 985 637 quam
1011 541 1140 612 nescie-

50 636 112 710 bat
135 656 295 736 tanquam
321 636 482 708 maiorem
506 635 692 708 industriae
714 653 745 708 et
770 633 896 709 laboris
916 634 1056 733 gloriam
1080 638 1140 727 haf-

50 735 207 822 hirnus,
244 737 273 807 si
297 735 470 830 ingenium
497 737 567 808 eius
594 733 695 807 nullis
721 734 903 808 alienarum
931 735 1053 809 artium
1080 736 1140 812 ad-

50 835 223 925 miniculis
245 835 343 907 inniti
368 835 545 907 videretur.
751 842 754 847 ’

52 1024 130 1084 nibil
149 1026 292 1095 otiosum,
313 1023 348 1080 is.
363 1020 481 1079 dicendi
497 1021 617 1095 modus,
639 1031 672 1081 ut
692 1041 745 1081 nec
767 1020 846 1101 quod
864 1020 940 1081 desit
961 1024 992 1081 in
1012 1043 1066 1099 ec,
1087 1044 1141 1084 nec

53 1105 138 1188 quod
156 1104 315 1193 redupdet,
336 1106 474 1161 invenias.
517 1104 559 1164 At
579 1103 653 1164 Pliu.
675 1105 749 1185 Epp.
771 1093 836 1178 Vll,
861 1108 888 1162 9.
910 1137 947 1151 —-
972 1114 1138 1188 cipressus

39 1200 153 1247 'sermo
178 1192 335 1267 purusque
356 1205 394 1243 ccc
423 1188 553 1265 epistolis
578 1189 691 1267 petitur
712 1220 752 1230 —
777 1207 896 1266 pressus
925 1185 943 1243 i.
974 1209 1001 1266 q.
1030 1188 1140 1264 tenuis,

50 1290 149 1350 purus
168 1267 188 1326 i.
210 1291 236 1348 q.
259 1266 367 1326 libera
383 1267 507 1346 poeticis
529 1266 707 1326 ornamentis
729 1261 781 1325 ubi
795 1268 843 1326 vd.
861 1267 973 1349 Gierig.
991 1302 1032 1313 —-
1047 1343 1049 1346 .
1066 1269 1140 1329 Pro-

45 1350 150 1433 fluens
170 1370 267 1408 sermo
288 1348 307 1406 i.
324 1369 351 1427 q.
373 1360 508 1429 prompta
523 1362 564 1396 ὲ-
587 1349 719 1429 expedita
740 1347 892 1422 facundia,
921 1370 982 1407 non
1004 1349 1088 1410 anxie
1111 1362 1141 1411 ct

54 1430 183 1491 sollicite
210 1429 299 1490 verba
325 1450 467 1509 quaerens
503 1430 550 1491 vd.
580 1432 651 1488 Ern.
684 1432 754 1489 Lex.
783 1429 880 1488 techn.
911 1431 973 1488 Lat.
1003 1431 1140 1492 Schuetz.

53 1513 127 1574 Lex.
149 1509 210 1572 Cic.
232 1534 255 1571 s.
276 1532 304 1570 v.
326 1532 405 1590 supr.
427 1511 495 1571 Tac.
517 1511 596 1570 Anu.
617 1513 697 1587 xiil,
719 1517 747 1570 3.
778 1509 840 1570 Cic.
861 1512 945 1570 Brut.
969 1516 1017 1570 61.

136 1619 329 1697 inquantum
351 1617 426 1672 satis
447 1611 529 1695 erat]
552 1614 638 1675 Dialo
661 1657 667 1670 .
688 1616 738 1674 21.
759 1618 807 1672 41.
829 1617 859 1672 in
880 1625 994 1673 tantum
1019 1617 1069 1674 24.
1095 1613 1141 1674 cf.

55 1697 92 1758 de
109 1694 228 1756 formul.
248 1699 278 1753 in
302 1705 612 1776 tantum-quantum
636 1636 730 1776 dulc-
741 1702 782 1752 dat
793 1732 830 1743 -
841 1700 907 1754 aeid
926 1695 1141 1775 τόσον-ὅσον)

53 1777 172 1840 Dronk.
200 1775 299 1836 Eckst.
328 1787 357 1835 et
383 1776 471 1835 Bacb.
492 1775 527 1835 ad
550 1776 577 1835 h.
598 1776 618 1835 l.
638 1777 725 1836 Hess.
749 1786 778 1835 et
801 1777 879 1856 Rup.
905 1776 940 1835 ad
964 1777 1064 1836 Germ.
1090 1780 1141 1838 45.

54 1859 149 1922 Roth.
176 1859 213 1918 ad
240 1857 341 1939 Agris.
362 1879 390 1937 p.
411 1864 472 1917 222
495 1880 538 1937 sq.
569 1878 717 1940 exponens
740 1857 775 1915 de
796 1880 854 1917 usu
874 1857 1031 1938 praeposit.
1053 1862 1083 1917 in
1110 1858 1141 1918 in

53 1939 193 2002 formulis
224 1943 255 1998 in
282 1948 416 2014 tantum,
450 1943 651 2015 contrarium,
678 1939 827 2022 publicum
855 1951 909 2000 etc.
938 1938 1143 2001 adverbialiter

54 2021 242 2105 accipiendis.
468 2039 471 2045 ’
1130 2030 1134 2037 “

140 2128 221 2186 omni
245 2123 408 2184 eruditione
429 2122 573 2207 imbutus]
611 2104 691 2185 omni
710 2122 804 2184 Codd.
828 2120 915 2184 Fam.
935 2126 1029 2188 Vatic.
1051 2129 1142 2203 4498.

54 2206 173 2269 Dronk.
196 2205 289 2267 Orell.
309 2205 400 2265 Bekk.
420 2206 454 2266 al.
483 2228 548 2266 cum
572 2206 655 2286 reliq.
684 2204 777 2266 Codd.
808 2205 918 2279 Vaticc.
941 2208 1031 2268 Paris.
1053 2208 1141 2268 vind.
1223 2271 1228 2283 .

54 2301 131 2351 vett.
150 2288 225 2348 Edd.
248 2291 396 2347 communi
414 2309 449 2346 ex
469 2288 582 2348 emend.
605 2288 701 2348 Rhea.
723 2286 806 2347 mult.
827 2287 901 2345 Edd.
922 2310 998 2349 recc.
1039 2289 1142 2351 Lectio

57 2374 141 2431 amni
163 2369 354 2430 confirmatur
367 2391 414 2429 vv.
436 2373 464 2428 si
484 2374 629 2444 ingenium
652 2373 714 2427 eius
735 2370 823 2428 nullis
844 2371 1008 2429 alienarum
1031 2375 1142 2431 artium

56 2452 247 2517 adminiculis
277 2453 363 2509 inniti
390 2451 544 2511 rideretur.
601 2449 704 2511 Tacito
734 2448 906 2509 obversatus
938 2451 1056 2512 videtur
1082 2448 1143 2514 Cic.

57 2534 95 2594 de
116 2533 201 2595 Orat.
223 2533 260 2608 ll,
282 2535 310 2606 1,
341 2535 368 2591 1.
423 2533 466 2592 M.
494 2542 594 2591 autem
618 2531 778 2591 Antonium
807 2533 922 2589 omnino
952 2537 1046 2591 amnis
1075 2554 1143 2593 eru-

57 2614 180 2675 ditionis
200 2623 349 2694 eupertem
371 2623 459 2690 atque
480 2616 616 2687 ignarum
630 2610 735 2690 fuisse.
759 2643 795 2657 -
839 2610 990 2689 imbutus,
1012 2614 1093 2694 quod
1108 2614 1144 2674 ad

24 2770 27 2775 Ι
56 2694 277 2785 iustitutionem
299 2705 329 2753 et
345 2689 513 2755 doctrinam
532 2693 681 2766 refertur,
704 2693 739 2753 de
760 2692 815 2767 iis,
838 2691 888 2772 qui
909 2692 1014 2754 leviter
1035 2694 1143 2756 eruditi

57 2776 154 2852 sunt‚'
181 2774 303 2840 dicitur:
335 2774 451 2859 Dialog.
476 2797 519 2856 cp.
543 2779 590 2835 19.
621 2778 689 2854 quin
711 2775 860 2834 elementis
878 2776 1059 2853 studiorum,
1089 2781 1146 2837 etsi

57 2880 118 2919 non
140 2861 317 2928 instructus,
337 2866 371 2915 at
391 2867 470 2916 certe
491 2857 618 2918 imbutus
640 2860 695 2927 sit,·
716 2856 779 2916 add.
803 2878 867 2937 cpp-
888 2862 937 2917 29.
960 2863 1008 2918 31.
1025 2861 1075 2920 34.
1095 2859 1143 2919 vd.

56 2937 208 3001 Boettich.
236 2939 307 2996 Lex.
335 2938 403 2999 Tac.
436 2960 458 2998 a.
479 2961 507 3000 v.
537 2938 642 3014 Quint.
661 2940 685 3011 1,
707 2945 738 3012 2,
761 2942 808 2997 16.
847 2940 953 2998 litteris
973 2942 1079 3000 saltem
1101 2941 1144 3000 lc-

59 3019 289 3094 riterimbutus.
322 3019 426 3080 Horat.
446 3021 522 3102 Epp.
544 3021 581 3098 lt,
601 3026 633 3095 2,
657 3024 684 3080 7.
726 3019 880 3079 Litterulis
903 3018 1029 3080 Graccis
1049 3022 1144 3083 imbu-

58 3112 110 3165 tus
128 3100 198 3182 ibiq.
219 3099 347 3173 Schmid.
396 3102 501 3187 Synon
524 3123 571 3163 ma
590 3111 660 3161 sunt
680 3100 824 3176 imbutus,
846 3104 1013 3174 institutus,
1035 3096 1143 3163 instruss

59 3194 144 3260 ctus,
164 3179 288 3263 insectus
306 3180 369 3264 (vd.
388 3183 487 3244 Boett.
502 3125 577 3244 bex-
597 3183 665 3243 Tac.
686 3203 709 3242 s.
734 3179 799 3263 n),
819 3187 935 3243 tinctus.

141 3285 345 3348 contemnebat
363 3292 463 3368 potius
487 3288 603 3347 litteras
624 3305 713 3367 quam
735 3282 901 3366 nesciebat]
934 3283 991 3343 Vd.
1020 3282 1144 3349 similem

48 3366 160 3429 'locum
174 3366 235 3429 cic.
257 3367 293 3426 de
315 3367 398 3429 Orat.
418 3372 454 3445 ll,
481 3373 508 3442 1,
530 3369 559 3427 4.
580 3367 616 3428 de
636 3364 745 3426 Crasso
770 3377 801 3425 et
820 3366 963 3427 Antonio.
1005 3366 1066 3427 Sed
1081 3365 1145 3444 suit

58 3449 118 3509 ltoc
136 3453 167 3509 in
187 3459 311 3530 utroque
330 3469 448 3524 eorum,
479 3460 511 3509 ut
540 3448 665 3508 Crassus
693 3469 751 3506 non
781 3457 844 3506 tam
872 3451 1041 3506 existimari
1062 3449 1145 3513 vellet

59 3550 119 3592 nan
146 3531 284 3591 didicisse
309 3551 399 3611 quam
428 3532 481 3591 illa
504 3530 670 3611 despicere,
700 3539 728 3588 et
755 3539 921 3588 nostrorum
944 3529 1092 3588 bominum
1113 3532 1145 3587 in
1222 3554 1223 3557 ¹

61 3615 143 3672 omni
167 3631 275 3687 genere
301 3612 490 3693 prudentiam
519 3612 645 3672 Graecis
668 3607 833 3688 anteferre:
870 3609 1016 3670 Antonius
1043 3619 1144 3671 autern

56 3693 288 3776 probabiliorem
317 3693 373 3753 buc
402 3695 511 3776 populo
540 3696 703 3752 orationem
722 3689 793 3769 sare
824 3692 962 3750 censebat
986 3711 1088 3764 suam,
1118 3694 1147 3753 si

60 3778 178 3836 omnino
199 3774 337 3834 didicisse
357 3796 504 3858 nunquam
523 3783 701 3854 putaretur:
722 3782 811 3854 atque
826 3776 871 3831 itu
886 3793 918 3830 se
934 3783 1054 3854 uterquc
1070 3793 1144 3848 gra·
1252 3838 1254 3841 ⁸

60 3853 272 3996 oiorcmdsore‚
294 3857 322 3914 si
341 3857 418 3917 alter
435 3867 635 3930 contemnere,
657 3855 735 3915 alter
752 3874 788 3914 ne
806 3873 890 3912 nosse
913 3854 1028 3932 quidem
1047 3855 1145 3915 Grae-

60 3956 112 3998 cas
132 3940 161 3997 oi
181 3947 288 3997 eretur.

143 4040 309 4099 alienorum
332 4039 459 4124 artium]
481 4042 529 4103 Sc.
549 4038 585 4100 ab
605 4049 667 4099 arte
688 4037 811 4099 dicendi.
853 4039 1005 4114 Quaenam
1025 4037 1079 4100 hae
1096 4020 1145 4098 arss

58 4130 124 4265 1ὄὲ
124 4119 256 4278 plilpnp⁴
256 4120 336 4266 app
362 4124 484 4205 exponit
510 4120 645 4184 Messalla
671 4118 741 4180 inse.
767 4141 812 4202 cp.
828 4125 981 4243 30-32.
1019 4117 1081 4219 Cic·
1108 4120 1146 4182 de
