2634 4656
186 283 230 349 84
400 297 403 301 '
511 278 669 363 Dialogus
690 279 728 341 de
752 276 937 341 Oratoribus

188 433 281 537 quod
296 433 477 515 timentur?
502 430 606 533 quod,
633 459 736 531 quum
753 430 875 504 cotidie
893 429 1021 531 aliquid
1036 445 1208 529 rogentur,
1231 429 1267 519 ii,

188 534 314 635 quibus
338 550 525 634 praestant,
554 530 795 626 indignantur?
821 530 923 629 quod·
940 528 1063 626 alligati
1082 556 1158 605 cum
1183 529 1267 602 adu-

187 633 310 707 latione
339 659 402 705 nec
433 629 676 731 imperantibus
707 655 855 728 unquam
881 629 961 701 satis
996 628 1083 701 servi
1111 626 1268 701 videntur

187 758 250 805 nee
275 731 375 803 nobis
400 730 480 803 satis
507 728 626 807 liberi?
662 755 747 827 quae
780 725 860 801 hacc
894 754 1023 799 summa
1056 754 1174 799 eorum
1230 754 1267 797 o-

187 829 289 905 tentia
312 831 386 902 est?
418 845 544 900 tantum
573 853 674 927 posse
700 825 810 897 liberti
835 825 951 898 solent.
1001 824 1059 898 Me
1085 852 1163 927 vero
1191 754 1268 899 dit-

188 956 263 1018 ces,
285 944 324 1001 nt
346 926 508 1023 Virgilius
535 925 600 1014 ait,
633 925 771 1012 Musae,
802 941 966 996 remotum
987 951 1006 996 a
1032 922 1268 997 sollicitudini·

187 1094 276 1157 clusit
298 1093 375 1175 nup.
417 1096 463 1155 De
492 1092 601 1175 duplici
621 1111 660 1149 an
691 1089 727 1150 cl.
748 1091 843 1150 lland.
868 1090 1043 1151 TursVol.
1063 1093 1084 1150 l.
1106 1113 1134 1172 p.
1156 1094 1270 1151 307-

185 1166 257 1237 309.
284 1175 409 1236 Beneck.
437 1175 473 1236 ad
501 1175 601 1235 lustin.
624 1175 727 1249 XXIV,
748 1178 776 1232 7.
800 1172 864 1233 'De
890 1171 993 1232 formis
1021 1170 1267 1256 interrogationis

187 1258 282 1321 Hand.
302 1256 320 1316 1.
341 1257 359 1315 Ι.
386 1280 413 1339 p.
436 1260 495 1317 334
518 1278 561 1336 sq.
1281 1260 1285 1269 '

269 1338 391 1422 quad-
404 1335 610 1418 indignantur]
631 1337 796 1396 Praestare
816 1332 969 1418 (παρέχειν)
992 1332 1167 1396 Gronovius
1187 1344 1270 1398 reete

186 1418 331 1481 intellexit
354 1420 390 1479 de
413 1418 577 1479 exhibendo
595 1438 631 1477 co
651 1437 773 1477 munere
792 1417 839 1476 vel
863 1417 982 1492 officio,
1011 1416 1091 1495 quod
1113 1428 1269 1501 rogentur.

186 1502 261 1562 Nam
282 1503 379 1561 solent
400 1499 539 1559 beneficia
561 1498 615 1572 iis,
646 1497 696 1578 qui
718 1497 882 1594 accipiunt,
908 1509 1031 1579 propter
1052 1498 1144 1557 varias
1167 1518 1269 1559 causas

186 1584 309 1642 molesta
330 1602 414 1655 esse,
436 1593 470 1641 ut
490 1579 575 1641 etiam
597 1580 715 1639 doleant
731 1590 760 1638 et
779 1579 978 1661 indignentur.
998 1578 1078 1639 Flor.
1098 1584 1150 1652 lV,
1168 1586 1200 1654 2,
1219 1585 1285 1645 92..
1307 1608 1310 1615 ·

187 1665 224 1725 de
245 1663 297 1723 lul.
314 1661 446 1723 Caesare.
489 1663 601 1744 Quippe
621 1663 805 1721 clenrantiom
823 1665 959 1742 principis
980 1663 1045 1720 aicit
1063 1661 1175 1720 inuidia
1193 1664 1272 1736 grad

188 1750 283 1828 visque
303 1756 369 1803 erat
390 1744 488 1803 liberis
509 1748 573 1826 ipsa
594 1740 794 1821 berrefiriorarn
812 1746 952 1824 potentia.
985 1743 1088 1825 Sencc.
1110 1742 1147 1801 de
1165 1738 1270 1803 Benei.

186 1830 226 1901 ll,
249 1831 285 1885 18
309 1848 352 1906 sq.
372 1826 450 1885 unde
469 1825 541 1892 ,haec
562 1823 703 1904 excerpsi.
746 1823 876 1903 Quidam
898 1845 955 1883 noa
977 1833 1092 1883 tantum
1120 1823 1196 1883 dant
1219 1824 1273 1883 6ιέ

186 1912 318 1967 acacium
338 1905 552 1987 supe1·l›e,‚sed
572 1909 662 1964 etiam
685 1908 834 1986 accipiunt.
877 1901 950 1965 Cato
973 1904 1107 1964 Uticens.
1127 1925 1173 1985 ap.
1194 1904 1269 1964 Plu-

186 1988 278 2048 tarch.
301 1987 351 2047 vit.
362 1993 422 2066 66.
462 1990 542 2062 Ἐμοι
560 1991 622 2063 γὰρ,
643 1985 722 2052 εἶπεν,
745 1995 768 2044 ei
784 1984 924 2048 σώζεσθαι
938 1988 1025 2064 χάριτι
1040 1995 1179 2064 Kar'aapor
1191 1990 1270 2063 erton·

187 2072 288 2144 λόμην,
316 2072 389 2144 atiani
414 2071 552 2144 βαδιστέον
575 2057 609 2139 ἦν
636 2070 702 2144 πρὸς
720 2074 817 2126 ἐκεῖνον
842 2069 937 2144 μόνον..
972 2071 1010 2128 Οὔ
1031 2070 1165 2149 βούλομᾳι
1183 2074 1214 2127 di
1235 2070 1271 2147 ιᾷ

187 2153 300 2228 ropdrup
320 2151 400 2226 palpa
411 2155 481 2218 ἔχειν
499 2149 565 2226 einip
584 2139 619 2207 air
633 2163 951 2228 naparopet·rrapuuopet
963 2155 991 2209 di
1013 2146 1101 2210 atior
1120 2152 1157 2219 ὥς
1179 2151 1271 2229 κύριος

188 2223 224 2291 eir
240 2234 311 2308 αὐτῷ
330 2227 467 2290 δεσπόζειν
485 2233 564 2290 oridia
583 2235 717 2308 προςῆκιν.
758 2227 819 2291 Cic·
839 2254 884 2313 pr.
908 2230 981 2291 Sutt.
997 2253 1047 2312 Ιορ.
1069 2237 1118 2291 26.

272 2313 391 2386 alligati
410 2333 474 2371 curn
497 2308 685 2392 adulatione]
713 2311 791 2370 Haec
813 2313 950 2372 inusitata
970 2323 1119 2371 structura
1140 2310 1271 2373 editores

189 2392 332 2463 offendit,
359 2403 394 2451 ιιι
425 2412 489 2451 cunr
517 2405 567 2453 aut
595 2390 751 2464 elicerent,
778 2405 813 2451 ut
839 2393 940 2465 Oberl.
969 2405 999 2453 et
1020 2393 1191 2470 Weilsert.,
1220 2405 1272 2455 aut

188 2474 273 2555 upcis
295 2473 496 2548 includerent,
520 2486 554 2533 ιιι
577 2473 703 2534 Scebod.
725 2474 839 2534 Dronk.
862 2475 974 2549 Orell,
997 2486 1048 2534 aut
1068 2475 1271 2552 emendarent,

188 2568 224 2616 ut
243 2554 408 2637 Schulting.
429 2559 557 2615 amorium
577 2553 625 2615 vel
647 2556 768 2635 humili,
790 2556 906 2616 Schulz.
928 2559 1006 2616 comi
1025 2548 1071 2631 v'el
1093 2557 1271 2633 Caesarum,

189 2638 284 2699 Haud.
305 2638 393 2696 ans.
415 2635 482 2696 Vol.
504 2641 538 2694 11.
558 2658 588 2716 p.
613 2639 679 2697 142.
698 2640 819 2712 ciuium,
849 2636 998 2698 Ecltstcin.
1022 2641 1120 2719 omni,
1148 2636 1197 2697 alii
1217 2636 1272 2697 ali·

189 2730 245 2779 ter.
291 2718 401 2777 Osann.
431 2717 561 2787 defendit
591 2736 656 2781 rum
685 2717 798 2777 collatis
824 2717 922 2778 verbis
952 2741 995 2800 cp.
1017 2727 1045 2783 7.
1072 2740 1138 2778 aum
1165 2721 1274 2795 gratia

192 2803 278 2872 oenit,
298 2797 478 2877 approbante
493 2797 640 2857 Boettich.
674 2798 801 2858 Bachius
821 2799 918 2859 locum
940 2801 982 2860 sic
1002 2800 1140 2880 expedire
1162 2800 1273 2867 studet,

190 2890 312 2938 utrum
334 2878 505 2936 adulatione
525 2900 586 2938 non
607 2901 673 2938 cum
701 2880 802 2959 partic.
822 2882 942 2955 altigati
966 2880 1086 2963 iungat,
1119 2881 1172 2942 sed
1191 2880 1273 2941 rele-

154 3010 157 3014 .
191 2970 238 3020 rat
257 2959 292 3017 ad
313 2958 465 3038 sequentia
484 2964 559 3018 satis
585 2964 662 3018 seroi
683 2961 833 3038 ridentur,
861 2974 896 3021 ιιι
921 2983 989 3033 rum
1019 2960 1166 3043 significet
1193 2962 1273 3023 vitae

193 3039 410 3112 conditionem,
440 3040 472 3099 iu
493 3062 548 3120 qua
568 3041 634 3120 quis
656 3054 810 3118 versetur,
833 3034 920 3123 ‘qumi
940 3043 1012 3103 haec
1031 3043 1088 3123 ipsi
1108 3043 1272 3104 adhaereat.

193 3118 230 3183 ’(1.
258 3121 351 3180 Hand.
381 3122 469 3181 Turs.
496 3121 565 3181 Vol.
584 3126 618 3180 11.
648 3145 677 3202 p.
701 3124 757 3183 145
779 3143 821 3202 sq.
870 3123 999 3199 Alligatr'
1019 3136 1115 3183 autem
1136 3122 1274 3185 absolute

193 3200 229 3263 ab
247 3222 284 3262 eo
307 3201 515 3284 intelliguntur
527 3207 620 3276 sarri,
643 3203 693 3282 qui
716 3224 806 3283 quum
829 3219 929 3281 essent
949 3205 1068 3264 viliores
1092 3226 1125 3265 ac
1146 3206 1273 3286 nequio-

193 3303 260 3355 res,
281 3282 481 3357 vincirentur,
506 3283 680 3379 quibuscum
696 3286 886 3366 contemptim
905 3297 1111 3368 comparentur
1127 3298 1273 3349 oratores.

195 3363 283 3423 Unde
304 3363 378 3422 hanc
399 3374 573 3423 sententiam
599 3363 657 3424 luci
681 3365 847 3426 extricavit:
877 3388 912 3426 an
939 3367 971 3427 id
994 3367 1102 3426 habent
1129 3366 1273 3451 coucupi-

184 3444 355 3514 ‘scendum,
378 3443 469 3520 qnod,
488 3444 619 3522 quamvis
639 3445 747 3527 alligati
759 3447 820 3506 sint
842 3447 923 3507 velut
943 3448 1036 3508 infimi
1057 3447 1155 3524 servi,
1175 3460 1273 3510 mareu

196 3547 263 3587 cnm
284 3523 449 3587 adulatione
470 3524 504 3603 (i.
524 3545 550 3584 e.
571 3526 729 3589 adulationi
748 3526 949 3611 indulgentes)
970 3551 1026 3590 nec
1045 3528 1272 3609 imperatoribus
1309 3528 1314 3545 ³

195 3627 324 3685 uuquam
347 3603 415 3663 satis
437 3604 514 3664 servi
536 3626 601 3666 esse
622 3607 760 3667 videntur
773 3630 827 3668 nec
848 3610 934 3669 nobis
953 3610 1021 3670 satis
1037 3608 1144 3670 liberi?
1186 3611 1274 3686 Quae

198 3686 351 3769 explicatio
377 3704 432 3744 nec
454 3689 529 3767 llup.
553 3708 613 3747 nec·
623 3687 704 3747 inihi·
717 3689 827 3769 placet:
856 3693 976 3766 alligati
995 3691 1084 3751 semel
1112 3689 1229 3752 Colum.
1249 3696 1274 3767 l,

198 3773 227 3827 9.
257 3768 309 3827 liae
338 3766 433 3848 signif.
456 3767 590 3826 absoluta
618 3769 746 3848 positum
774 3782 827 3831 est.
877 3772 949 3831 Mihi
979 3772 1010 3831 in
1035 3783 1165 3832 mentem
1182 3772 1276 3834 -veuit

197 3852 373 3922 summissa,
395 3847 472 3906 sicut
492 3860 537 3907 est
558 3849 662 3922 Quint.
682 3854 731 3924 Χῐ,
756 3855 782 3925 1,
804 3859 851 3911 30.
871 3858 1029 3913 summissa
1050 3848 1195 3914 adulatio.

200 3963 203 3968 ·
278 3930 329 3986 Me
352 3950 418 3986 vero
436 3929 552 4003 dulces,
576 3939 608 3988 ut
626 3932 762 4004 Virgilius
783 3937 843 4007 ait,
864 3934 988 4017 Musae]
1010 3936 1092 4017 Virg.
1111 3936 1196 3995 Geor
1217 3938 1275 4013 .11,

197 4011 360 4069 475-76.
402 4010 453 4068 Me
476 4030 541 4069 aero
559 4013 688 4087 primum
706 4012 809 4072 dulces
829 4026 898 4074 ante
919 4021 1018 4076 omnio
1039 4018 1162 4091 illusae,
1190 3957 1275 4099 {ua-

198 4112 264 4151 rum
285 4105 376 4146 sacra
388 4087 458 4166 sero
477 4094 589 4164 ingenti
603 4111 759 4170 percussus
778 4115 882 4154 amoro
901 4098 1066 4178 Accipiant.

280 4180 424 4233 remotum
452 4190 473 4230 a
498 4173 741 4235 sollicitudinibus
763 4186 792 4236 et
819 4177 915 4260 curis]
951 4177 1012 4241 Cic.
1033 4180 1108 4260 Epp.
1127 4178 1164 4241 ad
1183 4177 1275 4243 Attio.
