2634 4656
514 296 593 384 Cap.
617 297 680 365 ΙΙΙ.
1097 303 1138 365 ld

53 456 246 537 habentem.
266 453 560 555 deprehendimus.
610 455 697 528 Tum
715 451 912 543 Secundus,
935 451 1070 531 Nihilne
1095 429 1165 546 tes
1257 508 1275 535 0

54 556 189 654 inquit,
211 556 382 642 Materne,
403 553 538 627 fabulae
554 553 776 650 malignorum
792 569 934 642 terrent,
960 556 1139 653 quominus

55 655 209 735 offensas
231 653 366 725 Catonis
385 655 433 726 tui
457 656 571 727 ames?
597 681 638 725 au
660 653 737 724 ideo
755 652 877 724 librum
896 653 997 725 istum
1019 681 1141 768 appre-

55 751 225 836 hendisti,
252 768 289 823 ut
315 750 508 847 diligentius
532 769 744 836 retractares,
772 768 804 825 et
830 749 991 837 sublatis,
1017 779 1047 823 ss
1072 778 1141 850 qua

55 878 180 953 pravae
203 851 476 951 interpretationi.
487 851 656 923 materiam
679 849 864 939 dederuut,
893 849 1057 925 emitteres
1076 852 1142 924 Ca·

56 1050 212 1109 deberem..
245 1049 292 1109 De
313 1049 434 1109 Graece.
460 1049 548 1109 form.
570 1053 616 1109 0ιο
634 1053 724 1128 χειρὸς
746 1081 783 1094 -
802 1052 896 1126 χειρῶν
914 1055 984 1119 ἔχειν
1001 1048 1049 1109 vd.
1070 1046 1141 1109 Sirt-

55 1144 120 1191 ten.
141 1132 177 1190 ad
197 1129 343 1190 Plutarch.
364 1129 468 1190 Pericl.
491 1153 534 1209 cp.
556 1134 619 1202 34.;
650 1138 677 1189 tu
697 1143 842 1208 χερσιν-
866 1134 931 1204 μετὰ
951 1143 1045 1209 χεῖρας
1072 1139 1141 1201 ἔχειν

56 1214 147 1273 Hess.
176 1211 211 1271 ad
243 1213 312 1271 Gau.
340 1212 463 1290 interpr.
492 1213 596 1272 Graec.
627 1211 688 1272 Cic.
710 1211 772 1272 Cat.
793 1213 833 1271 M.
855 1234 900 1293 cp.
926 1216 975 1286 11,
997 1219 1046 1272 38.
1093 1213 1141 1273 De

56 1293 146 1363 form.
167 1297 197 1352 in
218 1294 353 1352 manibus
373 1294 483 1352 hahere
505 1294 552 1353 vd.
573 1294 709 1354 Schuetz.
731 1295 801 1352 Lex.
823 1291 885 1353 cic.
909 1315 931 1352 s.
953 1315 1067 1353 manus.

105 1430 110 1441 ¹
142 1402 403 1486 deprehendimur]
441 1405 668 1485 Deprehendere
690 1406 709 1464 i.
731 1428 758 1485 q.
778 1404 926 1464 incautum
950 1405 997 1464 vel
1019 1404 1141 1486 necopi-

57 1498 178 1547 nantem
209 1485 333 1564 aliquem
363 1486 529 1566 opprimere
559 1495 589 1547 et
614 1487 781 1568 corripere:
811 1485 857 1544 vd.
882 1487 982 1568 Agric.
1004 1494 1031 1546 7.
1054 1487 1140 1569 (ihiq.

22 1631 24 1634 Α
56 1566 154 1649 Rup.)
180 1571 227 1626 15.
249 1571 297 1627 34.
335 1567 439 1641 Quint.
461 1570 526 1642 Xll,
550 1575 579 1642 9,
601 1576 649 1628 20.
674 1603 711 1613 -
733 1584 882 1648 utinquam
911 1590 1079 1649 oppressum
1107 1591 1140 1629 se

56 1670 98 1709 ae
128 1649 338 1729 deprehensum
369 1646 468 1707 credet
491 1660 610 1719 orator,
640 1655 689 1708 eui
714 1650 871 1731 disciplina
899 1659 929 1707 et
953 1651 1083 1710 studium
1111 1658 1141 1711 et

57 1732 238 1791 'exercitatio
259 1730 374 1789 dederit
396 1734 470 1789 vires
489 1735 579 1790 etiam
590 1730 763 1810 facilitatis.
1093 1746 1096 1751 '

60 1837 63 1915 ζ
134 1840 265 1923 fabulae
285 1845 480 1918 malignorum
501 1839 628 1923 terrent]
664 1842 797 1900 Fahulae
817 1841 836 1900 i.
857 1863 884 1921 q.
905 1862 1059 1916 rumores,
1086 1862 1140 1900 ru·

58 1923 204 1999 musculi,
227 1922 414 1983 sermunculi.
449 1923 525 1992 Ptin.
544 1925 618 2003 Epp.
640 1926 678 1998 V,
700 1929 730 1998 8,
753 1926 781 1983 4.
819 1925 894 1982 Sunt
913 1928 990 1982 enirn
1008 1924 1141 1982 hommes

57 2017 172 2067 natura
192 2009 302 2064 curiosi
321 2016 351 2065 et
377 2006 539 2086 quamlibet
558 2005 638 2063 nuda
659 2026 758 2064 rerum
779 2009 949 2083 'cognitione
972 2008 1139 2084 capiuntur,

58 2097 92 2148 ut
113 2090 166 2170 qui
185 2088 378 2145 sermunculis
398 2090 488 2146 etiam
509 2085 688 2168 fabellisque
709 2088 857 2145 ducantur
876 2086 946 2166 ibiq.
966 2085 1086 2146 Herhst.
1108 2085 1141 2146 iu

57 2169 174 2231 Delect.
202 2169 277 2248 Epp.
306 2167 381 2227 Plin.
413 2191 442 2249 p.
471 2175 519 2227 82.
550 2171 586 2243 V,
617 2175 647 2240 6,
677 2175 704 2227 6.
740 2169 849 2228 audias
881 2178 991 2227 veteres
1013 2165 1141 2245 fabulas

56 2256 264 2327 sermonesque
285 2253 440 2309 maiorum.
482 2248 543 2310 cic.
564 2271 609 2331 pr.
629 2249 761 2310 Deiotar.
782 2272 826 2330 cp.
851 2253 898 2310 12.
919 2250 1026 2309 urbani
1045 2250 1140 2325 male·

57 2333 191 2393 valorum
208 2333 392 2403 sermunculi.

141 2446 295 2526 quominus
325 2440 454 2521 offensas
484 2443 605 2519 Catonis
633 2447 678 2501 tui
704 2440 803 2524 ames]
832 2463 928 2512 aures
956 2439 1030 2502 Cod.
1050 2440 1140 2502 Vind.

57 2537 133 2588 rete
152 2524 227 2584 Edd.
249 2546 345 2604 usqne
371 2525 407 2583 ad
426 2524 504 2603 Lips.
526 2524 576 2604 qui
591 2545 615 2583 ·e
643 2526 728 2582 Farn.
750 2524 879 2583 correxit
903 2544 1005 2595 ames,
1031 2523 1140 2582 suifra-

57 2618 149 2691 gante
170 2604 244 2666 cot.
271 2606 381 2679 Paris,
408 2617 517 2686 recept.
545 2604 580 2664 ah
610 2604 746 2664 omnihus
771 2604 854 2664 Edd-
871 2625 946 2664 recc.
966 2678 968 2685 Ι
988 2605 1140 2664 Maternus

58 2687 235 2749 recitatione
255 2683 422 2768 tragoediae
443 2708 511 2746 suae
533 2684 656 2746 Catonis¹
685 2687 851 2766 potentium
872 2685 984 2744 animos
1005 2685 1141 2746 offendo-¹

57 2781 115 2830 rat.
141 2769 197 2828 Vd.
220 2766 358 2848 cp-,2et
380 2772 426 2829 10.
458 2770 551 2827 ·B'ene
578 2767 717 2847 explicuit
744 2769 809 2828 lect.
831 2788 914 2845 ames
934 2766 1143 2828 Eeltsteiniust'

58 2852 140 2911 »Nec
169 2851 323 2930 quicquam
347 2849 442 2930 ap'tins
468 2849 628 2931 excogitari
656 2861 780 2928 potest‚‘
809 2848 952 2928 siquidem
981 2847 1033 2908 hae
1065 2862 1141 2909 voce

58 2951 144 2993 amor
166 2930 355 3012 designatur,
384 2951 445 3009 quo
473 2931 633 3010 scriptores
659 2930 770 3010 ingenii
798 2931 844 2990 sui
870 2941 1059 3007 monumenta
1077 2946 1140 2990 am-

59 3013 241 3094 plectuntur.
283 3009 334 3070 Sic
351 3012 427 3090 apud
449 3012 537 3071 ovid.
557 3010 649 3069 Tr'ist.
670 3014 721 3086 w,
745 3016 773 3084 1,
788 3017 844 3073 29.
877 3011 959 3089 ded
974 3030 1050 3069 nune
1070 3010 1142 3089 quid

50 3093 198 3174 sariam?
228 3097 270 3151 ais
291 3113 337 3151 me
357 3103 437 3150 tenet
454 3097 521 3171 ipsa
548 3112 700 3150 sororum:
729 3091 770 3151 Et
790 3095 910 3151 earm'en
931 3093 1049 3151 demens
1070 3086 1140 3152 ear-2

61 3178 140 3234 mina
159 3175 259 3233 laesus
280 3194 375 3232 amos
418 3175 503 3232 Adde
522 3172 648 3232 Aristot.
670 3172 765 3232 Ethic.
786 3173 822 3232 ad
841 3173 956 3234 Nicom.
968 3175 1024 3247 iv,
1041 3179 1071 3252 3,
1090 3179 1139 3232 20.

58 3268 105 3317 stad
124 3253 217 3322 ’πάντες
243 3259 366 3329 dedanim
384 3259 484 3330 peston
509 3258 541 3314 td
562 3256 645 3314 adsuit
666 3260 730 3332 ἔργα
750 3255 835 3332 ὥςπερ
859 3250 887 3314 ol
906 3262 1021 3326 ποιηταί.
1067 3253 1139 3313 lbid.

59 3339 114 3413 ΙΧ,
136 3343 169 3413 7,·
189 3343 216 3396 6.
248 3339 435 3414 inenarrandae
455 3339 507 3413 γάρ
536 3327 608 3396 odeat
632 3333 677 3476 goi
704 3335 824 3414 notarat)
851 3340 883 3395 toi
902 3336 987 3396 oluela
1007 3336 1142 3411 ποιήματά

59 3415 310 3496 στέργονιεςόςπερ
329 3425 413 3478 τέκνα.
448 3418 557 3476 Muret.
575 3417 610 3475 ad
658 3414 737 3476 atull.
757 3441 786 3498 p.
806 3421 863 3476 751
887 3439 931 3497 sq.
961 3416 1078 3476 Vottt.
1095 3417 1141 3478 ed·

59 3499 181 3561 ttutnt.
217 3499 264 3558 De
281 3498 395 3579 assensa
414 3499 462 3560 rd.
483 3498 622 3568 Doederl.
642 3498 704 3557 Lat.
726 3500 799 3582 Syn.
820 3498 888 3557 vot.
911 3501 945 3556 ll.
966 3520 996 3580 p.
1019 3500 1087 3559 140.

140 3614 171 3671 si
191 3631 250 3692 qua
268 3613 637 3692 prauae-interpretationi
661 3612 818 3669 materiam
840 3607 999 3689 dederunt]
1035 3600 1141 3688 siqua

56 3712 173 3775 pravae
193 3714 210 3751 e
232 3690 305 3753 Cod.
324 3695 448 3753 ¹Fames·
475 3690 598 3751 Bekker,
626 3691 786 3769 Boetticll„
802 3686 919 3750 Walth.
948 3689 1036 3749 Bach.
1066 3690 1140 3750 ltin

57 3780 87 3835 si
134 3792 191 3832 uae
215 3794 341 3852 prauam
371 3773 587 3853 interpretandi
620 3775 778 3831 materiam
809 3769 902 3831 Codd.
928 3771 1020 3829 Paris.
1051 3772 1140 3832 vind.

57 3798 134 3950 Edd.
163 3875 257 3950 nsque
288 3857 324 3951 ad
351 3854 475 3915 Bekker.
505 3855 585 3914 Lect.
615 3857 643 3912 si
671 3874 730 3935 pua
751 3850 950 3912 'confirmatur
985 3853 1140 3945 permultis

57 3936 569 4089 tettanrefutat:
585 3934 704 4073 rest
718 3939 768 4092 n
783 3933 1035 4094 mnan
1051 3930 1139 4074 aa

57 4118 164 4158 sonem
179 4095 299 4176 copiose
316 4100 445 4180 disputat
459 4094 616 4158 Stuerenb.
632 4095 666 4170 ad
682 4095 736 4156 Or.
751 4118 796 4175 pr.
813 4095 902 4154 Arch.
918 4117 962 4175 cp.
982 4100 1011 4153 5.
1027 4117 1056 4176 p.
1073 4100 1141 4155 105.

56 4180 139 4241 Edit.
162 4179 301 4267 German.
319 4186 408 4243 1839.
428 4177 541 4267 Reisig.
560 4175 680 4271 Vorles.
700 4175 820 4265 §.²⁰2
840 4176 928 4263 Haqs.
946 4178 1139 4268 emi-‚³⁵5-
