2654 4650
390 308 395 317 ,
475 255 775 338 Rrolegom'ena.
1080 252 1176 323 XXV

150 406 283 483 -.-'-·niam
304 404 481 478 eihomini
503 406 698 491 unvo'latns
722 407 834 482 clavus
856 408 989 482 oblatus
1013 426 1046 484 et
1066 408 1172 486 hono-

154 546 157 551 ·
195 532 249 578 res
271 521 504 604 quaesturam,
529 505 736 579 tribunatum
762 525 793 581 et
818 527 1029 607 quaesturam
1056 537 1174 586 conse-

152 696 157 703 ·
187 619 292 703 entus
307 603 362 692 sit,
386 602 460 676 coll.
482 607 512 676 Τ
513 632 560 679 ac.
585 607 673 678 Anu.
688 608 748 694 ΧΙ,
768 609 826 679 25.
849 611 966 709 prrirrr'
981 610 1101 682 Aedui
1119 640 1172 683 se-

197 716 364 777 natorum
397 706 436 774 in
470 706 556 777 urbe
587 708 645 777 ins
676 707 801 805 adepti
826 720 931 791 sunt5
973 706 1099 779 dolum
1133 711 1178 784 id

186 798 335 896 foederi
352 804 503 900 antiquo
528 819 562 875 et
584 807 673 901 qnia
694 805 769 876 soli
786 806 977 875 Gallorum
993 802 1173 901 fraterni-

178 901 281 970 ιίιιίιὶς
297 926 425 973 nomen
439 928 520 973 cum
532 903 669 1003 populo
683 907 849 973 Romano
869 917 1050 1003 usurpant.
1079 907 1172 978 We·
1300 974 1306 988 ,

127 1052 130 1056 .
197 1011 306 1066 sterne
339 996 383 1068 G.-
418 999 450 1069 d.
485 1027 511 1071 r.
544 1003 581 1073 B.
615 1003 645 1096 ἕ.
673 1000 731 1074 84.
762 1005 818 1074 35.
855 1018 886 1073 et
917 1000 1077 1074 Wittich.
1105 1002 1124 1075 l.
1151 1004 1171 1077 l.
1277 1032 1284 1041 ’

139 1122 143 1137 =
196 1118 227 1191 p.
252 1097 338 1168 259.
378 1095 510 1168 Gallum
535 1097 640 1171 fuisse
666 1099 861 1171 concedunt.
907 1100 975 1172 Sed
999 1100 1173 1175 vehemen-

197 1207 245 1263 ter
267 1210 399 1280 errant,
426 1196 482 1294 qni
506 1197 703 1269 e-Britanna
725 1197 887 1292 originem
914 1200 985 1269 eius
1008 1217 1172 1296 repetunt,

169 1311 184 1359 ’.
197 1305 231 1361 et
254 1289 643 1381 Schulaeos,‚Cromeus
671 1312 703 1366 et
722 1296 1051 1382 Ratrtebeusteinins,
1069 1325 1173 1395 (quum

125 1439 129 1445 ,
198 1414 268 1459 euna
302 1388 367 1460 ibi‘
385 1390 450 1462 sub
479 1392 640 1465 Suetonio
670 1393 822 1464 Paullino
852 1393 949 1464 Gallo
967 1394 1008 1466 ali
1038 1395 1173 1468 naurdiu

143 1510 150 1523 ¹
198 1484 354 1559 militasse
377 1489 445 1581 (vd.
468 1491 610 1563 Walch.
628 1492 671 1562 ad
689 1486 767 1561 'l'acss
787 1492 898 1585 Agris.
915 1519 948 1590 p.
970 1424 1065 1585 tal.)
1106 1510 1174 1565 ost-

137 1600 141 1607 '
182 1610 301 1683 veaque
328 1587 469 1658 Romam
493 1589 622 1663 venisse
655 1588 927 1662 verisimillimum·
948 1592 1006 1663 sit.
1052 1522 1174 1665 clitis-
1295 1666 1297 1671 ,

139 1708 170 1787 {³²
198 1682 300 1776 simus
322 1684 385 1756 lirit
407 1704 522 1758 orator
541 1687 605 1759 sub
629 1688 839 1787 Vespasiano
861 1695 928 1801 (cp.
946 1695 1019 1783 2),
1042 1689 1100 1788 qui
1122 1691 1174 1764 in·
1277 1744 1280 1749 Δ

150 1804 179 1833 =''·
198 1780 315 1876 g'e'nio-
366 1783 431 1854 tius
451 1801 483 1856 et
499 1786 531 1856 vi
555 1803 694 1861 naturae
716 1798 817 1883 quam
834 1787 1041 1859 institutione
1066 1804 1097 1859 et
1121 1787 1174 1861 lit-

173 1879 274 1952 ‹teris
300 1882 508 1978 coquentiae
540 1885 661 1955 famam
693 1900 891 1955 consecutus
918 1902 953 1957 et
979 1886 1070 1958 omni
1098 1914 1174 1959 eru-

136 2012 140 2021 ·
198 1977 323 2051 ditione
340 1978 496 2053 imbutus
522 1980 754 2054 contemnebat
780 1980 892 2080 potius
923 1982 1048 2053 litteras
1066 2009 1173 2078 ·quaru

187 2076 367 2149 nesciebat
387 2094 545 2178 tanquam
567 2079 724 2152 maiorem
743 2074 939 2152 industriae⁵
952 2078 1090 2174 gloriam
1115 2079 1173 2152 ha-

112 2236 114 2239 ,
156 2192 159 2196 ·
201 2176 350 2262 bitume,
375 2176 404 2246 si
429 2177 601 2273 ingenium
627 2180 699 2249 eius
719 2177 819 2251 nullis
846 2176 1028 2250 alienorum
1055 2177 1173 2249 artium

136 2318 139 2323 -
172 2271 409 2360 ¹adminiculis
430 2276 504 2347 niti
537 2275 714 2348 videretur.
766 2275 841 2347 Sed
864 2275 893 2347 is
920 2276 1174 2373 mirumquau-

139 2408 142 2413 ·
200 2386 266 2443 tum
283 2369 489 2446 scholasticis
505 2374 738 2447 controversiis
753 2372 937 2446 oblectatus
955 2374 1058 2445 otium
1076 2401 1174 2448 suum

185 2466 317 2542 maluit
329 2495 490 2542 novorum
513 2472 684 2542 rhetorum
702 2497 795 2541 more
811 2496 921 2568 qnam·
933 2489 1089 2571 veterum,
1100 2500 1175 2544 ora-

201 2584 310 2639 torum
333 2594 550 2656 consumere,
586 2594 672 2666 quos
706 2567 1075 2641 acerrime'insectatns
1108 2588 1176 2643 tam

152 2712 175 2727 .-
202 2665 398 2764 contempsit
420 2662 520 2765 quam
535 2666 675 2738 nimimu
692 2665 839 2737 laudavit
858 2666 910 2738 sui
925 2666 1049 2739 saeculi
1068 2668 1177 2738 diser-

201 2781 260 2840 tos.
311 2765 397 2848 Nam
424 2793 527 2864 quum
545 2763 775 2868 eloquentiam
798 2791 880 2862 prae
904 2762 1178 2863 poetice2contra

130 2896 136 2905 ·
201 2862 407 2952 Maternum,
447 2890 546 2961 quem
572 2871 597 2935 a'
616 2861 711 2962 poesi
740 2861 783 2933 ad
810 2861 1031 2962 eloquentiam
1048 2859 1177 2931 ¹foren-

156 3004 159 3009 ·
190 2988 269 3034 ·sem
286 2987 442 3033 revocare
464 2962 639 3048 studebat,
666 2960 804 3032 summis
824 2959 982 3053 laudibus
1000 2956 1177 3048 extolleret,

201 3082 267 3127 uon
297 3054 455 3129 intellexit
478 3060 660 3153 perfectam
683 3056 791 3142 illam,
825 3059 926 3153 quam
951 3072 1077 3129 veteres
1103 3084 1178 3127 ora-

184 3169 312 3240 tores,
343 3171 380 3226 nt
406 3154 541 3241 Cicero,
566 3154 667 3225 nobis
689 3156 958 3251 repraesentant,
989 3150 1055 3249 sed.
1075 3168 1178 3222 rettn-

125 3280 130 3287 ·
198 3250 236 3325 lit
261 3278 334 3323 eam
358 3267 490 3323 tantum
514 3252 557 3323 ad
585 3253 696 3323 lorum
725 3266 756 3320 et
782 3250 833 3321 ·ad
860 3258 1035 3322 causarum
1059 3265 1178 3320 tracta-

141 3374 144 3379 ·
201 3342 341 3436 tionem,
369 3349 494 3449 qnippe
521 3376 588 3448 qno
615 3349 727 3421 studio
757 3347 839 3441 nihil
871 3349 912 3418 sit
939 3347 981 3418 ad
1006 3346 1177 3418 utilitatem
1223 3404 1226 3411 a

131 3480 163 3501 ·-·
201 3447 422 3535 fructuosius,
444 3447 488 3520 sd
513 3446 715 3546 voluptatem
736 3446 916 3543 iucundius
934 3462 973 3516 ·et
998 3445 1040 3514 ad
1057 3445 1178 3515 faniam

128 3594 131 3599 -
200 3543 361 3617 illustrius
383 3547 436 3618 vd.
464 3548 690 3645 epo-'³10
717 3559 749 3614 et
778 3546 947 3645 ,ἰῶ-23.
994 3541 1179 3611 Habendos

98 3656 103 3669 '
149 3638 152 3643 ⁴
203 3660 249 3714 est
284 3644 318 3713 in
350 3650 500 3715 numero·
527 3643 719 3728 rhetorum,
742 3642 893 3736 'quibus‘
917 3639 1103 3736 eloquentia
1141 3663 1181 3707 ex

164 3762 167 3769 ·
202 3741 350 3812 sortlidis
379 3741 527 3828 artificiis
555 3739 624 3824 (vd.
657 3766 707 3837 cp.
732 3744 810 3831 32)
847 3754 932 3810 esset
962 3753 992 3806 et
1025 3736 1084 3832 qui
1110 3735 1179 3805 Ga-

107 3874 114 3891 ··
183 3839 374 3930 ,biniaunm
402 3843 493 3938 (cp.¹
510 3841 586 3934 26.)
602 3835 822 3935 praeferrent
841 3833 1020 3931 ‘Ciceroni
1069 3833 1180 3904 Dictio

108 4008 111 4013 .
201 3939 272 4013 eins
302 3938 403 4009 refert
430 3936 562 4008 scholae
581 3926 767 4019 artificia,¹
786 3960 824 4004 ex
854 3927 1182 4029 eiusqnelaudibus

106 4092 110 4097 .
148 4067 157 4097 .·
200 4035 411 4131 eloquentiae
433 4058 513 4133 prae
535 4032 630 4131 poesi
655 4047 686 4101 et
709 4028 851 4127 quidem
867 4045 1037 4101 oratorum
1058 4026 1182 4098 saeculi

197 4136 257 4207 ‘sui
279 4124 475 4229 intelligitur
498 4131 564 4203 iam
594 4143 795 4203 tun-arten
821 4125 954 4200 dicendi
979 4125 1025 4197 iu'·
1037 4123 1186 4196 deterius
