2634 4656
130 282 175 346 62
266 303 269 308 ·
316 340 323 358 ,
453 278 612 365 Dialogus
632 281 670 342 de
693 276 879 345 Oratoribus
928 254 932 262 ⁸

60 508 62 512 .
129 432 313 507 deserenda
340 450 448 508 cetera
472 433 601 522 officia,
626 451 730 534 utque
755 429 822 533 ipsi
847 431 980 528 dicunt,
1005 431 1044 507 in
1069 461 1208 509 nemora

128 550 162 607 et
183 532 297 625 lucos,
322 533 360 606 id
385 534 493 608 estin
517 532 749 623 solitudinem,
775 531 1009 606 recedendum·
1024 548 1086 608 cst

209 705 240 761 ia
265 721 388 761 nemora
415 712 445 763 et
472 698 570 797 lucos]
611 701 690 761 Haec
716 699 898 763 substantiva
925 721 1094 786 synonyma
1115 686 1208 784 'saepe

127 782 284 845 coniuncta
311 795 445 860 exstant,
472 795 507 843 ut
525 782 640 864 Dialog.
664 787 711 843 12.
737 783 838 844 Germ.
859 789 887 842 9.
909 788 956 844 10.
978 787 1028 843 45.
1052 805 1077 845 c.
1104 794 1206 845 annot.

127 866 212 929 fleas.
234 865 316 961 Virg.
336 864 438 947 Eclog.
461 872 491 940 8,
513 871 580 939 86.,
608 865 645 923 de
673 885 801 944 quorum
829 863 996 925 discrimine
1017 885 1079 925 non
1107 862 1205 927 ubivis

127 947 357 1027 ascriptorrbus
379 947 536 1006 observato
558 945 594 1005 cs.
619 945 757 1006 Doederl.
783 947 845 1005 Lat.
865 948 938 1030 Syn.
962 945 1028 1005 Vol.
1052 948 1086 1007 ΙΙ.
1105 968 1135 1027 p.
1156 951 1205 1007 90.

34 1076 37 1081 ·
128 1028 268 1108 Respexit
295 1028 330 1087 ad
359 1048 405 1108 cp.
427 1033 445 1087 9
468 1039 497 1088 et
521 1034 566 1089 12.
607 1026 721 1087 Plinius
749 1028 823 1108 Epp.
845 1029 896 1102 lX,
921 1032 983 1101 10.,
1013 1049 1100 1107 quam
1124 1038 1207 1091 recte

126 1109 243 1185 Plinio,
270 1129 331 1169 non
351 1107 474 1184 Tacito,
502 1121 536 1168 ut
564 1110 613 1168 Fr.
635 1109 721 1170 Hcss.
747 1108 779 1168 iu
806 1120 961 1169 contment.
982 1108 1018 1168 de
1038 1108 1114 1170 Ptin.
1134 1108 1204 1170 mim

126 1190 240 1273 Dialog.
261 1191 296 1251 de
321 1191 404 1251 Orat.
423 1203 498 1250 auct.
518 1212 547 1271 p.
573 1195 609 1250 16
629 1212 690 1269 etp,
720 1189 877 1250 vindicavit
898 1189 1045 1250 Eckstein.
1065 1189 1204 1275 Prolegg.

125 1294 155 1352 p.
175 1279 224 1335 65.
275 1273 466 1352 Quantopere
492 1272 585 1330 vaieat
610 1270 775 1347 silentium,
803 1271 1017 1351 tranquiilitas,
1043 1272 1205 1341 amoenitas

128 1353 205 1413 ruris
227 1365 257 1412 et
277 1352 415 1415 silvarum
435 1355 470 1414 ad
489 1353 639 1435 ingenium
657 1353 805 1433 poeticum
825 1353 1008 1424 excitandum
1027 1354 1206 1417 confirmant

125 1434 210 1494 molti
225 1434 282 1496 loci
298 1435 476 1516 scriptorum
491 1433 673 1508 Latinorum,
690 1434 831 1515 imprimis
846 1435 961 1509 Horat,
980 1433 1031 1513 qui
1044 1434 1205 1514 plurimum

125 1516 199 1575 vixit
217 1516 247 1576 in
272 1537 391 1577 secessu
411 1516 489 1575 ruris
510 1516 556 1576 sui
580 1515 680 1576 Sabini
700 1529 754 1576 aut
770 1515 928 1575 Tiburtini.
956 1512 1052 1576 Carm.
1067 1517 1091 1592 Ι,
1109 1521 1138 1591 1,
1153 1522 1204 1577 30.

125 1618 171 1661 me
187 1599 316 1672 gelidum
337 1618 438 1656 nemus
455 1598 712 1681 Nympharumque
732 1598 807 1656 leuas
830 1618 895 1656 oum
916 1597 1033 1680 Satyris
1053 1594 1140 1669 altori
1155 1618 1203 1659 sa-

125 1691 247 1739 cernunt
257 1681 373 1762 populo.
398 1681 447 1754 ΙΙΙ,
464 1683 496 1756 4,
513 1686 584 1759 bsq.
604 1681 678 1760 Epp.
686 1680 723 1754 ΙΙ,
730 1685 761 1752 2,
770 1685 809 1738 77
817 1700 860 1759 sq.
897 1679 1083 1760 Scriptorum
1098 1680 1206 1760 aliam

124 1765 218 1823 omnis
237 1772 321 1821 amat
349 1782 450 1821 nemus
470 1772 499 1823 et
517 1759 600 1840 fugit
620 1761 722 1835 urbes,
750 1761 817 1819 Rite
843 1761 934 1819 eliens
960 1761 1078 1821 Baoclti
1099 1782 1203 1823 somno

121 1844 279 1918 gaudentis
302 1854 332 1904 et
351 1846 466 1903 umbra.
487 1850 517 1917 3,
539 1849 608 1902 298.
638 1841 725 1903 Ovid.
746 1840 838 1901 Trist.
859 1844 881 1916 l,
906 1846 934 1916 1,
951 1844 1001 1902 41.
1029 1842 1106 1903 Plio.
1126 1844 1203 1924 Epp.

126 1927 149 1999 l,
171 1931 199 1984 6.
229 1927 264 2000 ΙΙ,
285 1932 314 1986 2.
344 1926 396 1999 ΙΙΙ,
420 1930 468 2003 10.
515 1923 662 1984 Dissentit
689 1945 756 1983 cum
783 1922 886 1983 Tacito
914 1922 1018 1997 Quint.
1040 1925 1080 2001 X,
1100 1932 1132 2002 3,
1152 1931 1203 1987 22

121 2004 190 2069 Nou
212 2015 311 2064 tamea
336 2009 471 2085 protinus
497 2005 654 2078 audiendi,
685 2008 736 2086 qui
761 2005 883 2064 creduut
909 2000 1066 2085 aptissima
1088 2010 1121 2065 iu
1146 2007 1203 2069 boa

91 2106 244 2168 ¹,rrerrrora
263 2087 422 2168 siluasque,
442 2086 521 2164 quod
532 2088 585 2144 illa
602 2087 677 2144 coeli
689 2086 811 2164 libertas
829 2088 930 2146 locoru
980 2107 1017 2147 ue
1035 2091 1203 2149 amoenitas

120 2169 272 2231 sublimem
289 2169 420 2226 animum
441 2176 471 2225 et
484 2167 644 2225 beatiorem
664 2170 798 2247 spiritum
811 2178 926 2250 parent.
995 2169 1039 2227 ilai
1055 2179 1135 2229 certe
1153 2173 1202 2239 iu-‚

120 2250 230 2313 eundus
243 2250 292 2309 leia
308 2252 407 2324 magis
422 2269 511 2331 quam
526 2248 689 2308 studiorum
702 2249 840 2308 domator
852 2250 966 2309 uidetur
980 2270 1043 2310 esse
1063 2271 1201 2313 secessus.

93 2353 105 2377 t
203 2331 237 2391 id
257 2340 302 2389 est
321 2333 352 2388 iu
370 2327 574 2411 solitudinem]
597 2331 676 2390 Haec
691 2327 779 2390 verba
800 2329 838 2389 ob
861 2330 1024 2411 explicandi
1043 2330 1201 2395 formulam

73 2464 77 2469 .
121 2411 211 2494 Lang.
243 2411 352 2493 Opusc.
374 2413 419 2472 ed.
441 2410 534 2472 iacob.
555 2434 583 2492 p.
605 2418 633 2472 7.
660 2422 796 2492 suspecta
821 2412 961 2488 fuerunt,
990 2411 1074 2475 cuius
1102 2425 1201 2477 tamm

120 2493 250 2575 exempla
279 2493 356 2575 apud
386 2500 460 2575 o'ptt.
490 2493 603 2574 scriptt.
632 2492 841 2576 reperiuntur,
869 2492 928 2557 ubi,
951 2513 1012 2553 non
1035 2494 1135 2556 statim
1163 2496 1202 2559 de

118 2573 343 2658 glossematibus
364 2588 411 2636 est
430 2575 625 2657 cogitandum.
674 2578 706 2635 ln
735 2574 841 2655 quibus
868 2574 1079 2656 investigandis
1107 2596 1200 2657 quun

119 2657 205 2719 multi
225 2660 290 2716 VV.
310 2659 377 2718 ΙΙΙ).
405 2657 486 2717 insto
516 2657 678 2738 sagaciores
698 2655 827 2732 inerint,
857 2656 893 2716 de
920 2655 1082 2752 multorum
1104 2658 1201 2721 adhuc

117 2739 253 2799 locorum
281 2737 448 2818 integritate
479 2737 557 2797 iuter
583 2758 635 2798 eos
664 2737 809 2798 dissensio
837 2749 891 2797 est.
938 2738 988 2798 Sta
1007 2737 1106 2809 locum
1137 2738 1199 2802 Cic.

118 2820 202 2879 Brut.
224 2824 275 2893 31,
298 2824 364 2877 120.
405 2822 573 2891 uicorum,
591 2818 628 2877 id
647 2829 691 2877 est
710 2840 748 2878 ea
766 2830 860 2879 oetere
881 2818 1048 2878 Academia
1064 2822 1217 2901 philostr·-

136 2901 240 2961 ltorum
257 2910 359 2959 contra
399 2898 533 2959 ernhard.
549 2899 578 2958 in
588 2900 665 2959 Edit.
680 2901 792 2984 Meyer.
805 2900 889 2960 uncis
905 2900 1040 2960 liberavit
1052 2902 1150 2962 Peter.
1165 2901 1200 2965 iu

145 2983 172 3040 d.
194 3002 246 3040 sna
265 2981 350 3040 Brut.
367 2979 452 3040 Alius
473 2979 555 3040 locus
577 2993 630 3042 est.
650 2982 734 3041 Brut.
748 2985 889 3058 46,’172.
918 2982 981 3041 Sed
995 2983 1113 3045 domum
1127 2984 1199 3044 red·

117 3083 237 3138 eamus,
269 3062 302 3122 id
327 3072 372 3121 est
400 3063 443 3122 ad
471 3072 586 3122 nostros
615 3073 813 3137 reuertamur,
846 3064 881 3123 ad
912 3058 999 3142 quem
1021 3064 1198 3144 Bernhard,

83 3214 85 3223 Ι
117 3143 212 3206 citatis
236 3143 354 3207 Ruhnk.
374 3144 410 3205 ad
430 3143 505 3203 Veli.
526 3145 587 3204 Pat.
610 3148 646 3219 ΙΙ,
667 3151 716 3204 23.
744 3145 840 3225 Spald.
868 3146 903 3204 ad
925 3145 1029 3219 Quint.
1050 3151 1074 3222 l,
1095 3152 1127 3223 5,
1147 3151 1197 3208 65.

117 3226 263 3301 Goerena.
292 3226 327 3284 ad
348 3223 409 3289 Cic.
431 3224 564 3301 Acad.'1,
583 3233 613 3303 2,
635 3232 663 3286 8.
688 3225 784 3285 Klotz.
803 3226 839 3285 ad
859 3226 949 3285 Tusc.
974 3229 1013 3302 V,
1036 3233 1066 3302 9,
1088 3231 1138 3289 24.
1159 3226 1197 3289 al.

13 3359 16 3365 .
115 3306 238 3446 {peribus
259 3306 334 3365 addo
355 3306 451 3367 Klotz.
475 3308 512 3367 ad
540 3307 601 3368 Cic.
627 3329 672 3388 pr.
694 3306 808 3367 Caecin.
831 3312 879 3382 10,
902 3313 950 3367 27.
980 3308 1073 3368 Praei.
1097 3309 1196 3371 Oratt.
1223 3322 1227 3331 '

145 3387 183 3448 ol.
202 3393 222 3445 1.
242 3409 271 3469 p.
287 3391 375 3447 xvtt.
398 3399 428 3447 et
444 3388 519 3448 Lael.
533 3395 582 3450 26.
602 3388 665 3448 init.
686 3390 782 3449 Peter.
804 3389 839 3448 ad
858 3391 942 3449 Brut.
965 3392 1013 3450 46.
1038 3391 1137 3451 Brem.
1159 3390 1197 3453 ad

114 3471 197 3532 Suet.
219 3469 295 3551 Aug.
317 3474 365 3527 88.
400 3460 561 3529 Bernhard.
584 3469 705 3554 Encycl.
734 3471 760 3530 d.
783 3469 856 3530 Phil.
878 3493 906 3552 p.
931 3458 1032 3553 152),
1064 3472 1101 3534 de
1128 3472 1208 3533 for!

113 3550 192 3611 mula
219 3550 253 3609 id
283 3571 308 3610 s.
336 3550 392 3609 ltoa
420 3561 463 3609 est
493 3552 527 3611 ad
553 3574 641 3612 nsum
669 3551 802 3613 criticum
836 3554 1000 3612 revocanda
1027 3553 1195 3634 explicavit,

112 3632 289 3714 interpretes
310 3629 351 3690 ibl
372 3642 519 3713 grassatos
540 3632 648 3707 fuisse,
678 3633 771 3692 sicubi
792 3634 870 3692 nuda
897 3635 1057 3693 verborum
1077 3636 1117 3694 sit
1141 3656 1194 3696 ex-

112 3701 230 3796 plicatio
268 3734 399 3795 quaeqne
435 3713 508 3772 nihil
542 3735 558 3773 a
585 3715 763 3796 praegressis
796 3713 852 3773 nisi
881 3737 935 3795 per
965 3736 1071 3775 vocum
1105 3715 1194 3777 inde·

112 3797 228 3856 sionem
250 3795 385 3870 recedat,
415 3807 449 3854 nt
470 3795 610 3855 lector!.n
630 3808 765 3874 tanquam
785 3797 952 3877 imperitum
973 3797 1093 3857 edoceat
1113 3797 1192 3877 (Cic.

111 3878 147 3939 N.
175 3879 211 3935 Ι).
241 3880 276 3951 ΙΙ,
307 3882 334 3936 9.
366 3879 496 3960 plays-icis
524 3881 542 3935 i.
579 3898 603 3936 e.
639 3878 853 3958 naturalibus);
893 3891 996 3938 contra
1029 3878 1192 3959 scriptores

111 3958 192 4040 ipsos
213 3956 290 4015 haud
308 3978 375 4018 raro
398 3979 452 4018 nec
474 3970 591 4038 praeter
612 3958 757 4016 dictorum
777 3959 933 4019 efficaciam
952 3971 1001 4018 aut
1020 3960 1192 4021 translatio-

112 4041 159 4101 nis
182 4040 329 4122 figuraeve
356 4039 508 4098 notionem
530 4051 580 4098 aut
606 4039 779 4100 interiorem
800 4042 959 4101 verborum
980 4062 1100 4101 sensnm
1120 4043 1192 4102 ittu-

112 4133 223 4184 strasse
241 4118 341 4179 addito
361 4121 511 4196 membro,
532 4120 616 4183 cuius
632 4122 720 4182 index
740 4135 819 4183 esset
836 4123 870 4182 id
890 4134 952 4182 est:
973 4143 1048 4199 uos,
1066 4124 1116 4185 iaie
1132 4126 1193 4185 mill

111 4225 221 4282 sagea,
249 4201 393 4264 daruuter
418 4204 547 4264 oersteie
572 4204 629 4264 iola
671 4204 756 4279 Quae
785 4215 831 4266 est
857 4204 936 4265 ratio·
954 4203 982 4264 h.
1011 4205 1050 4284 Ι.,
1080 4203 1134 4269 ubi
1153 4207 1191 4269 ad

105 4336 204 4376 A
