2634 4656
114 218 158 281 26
439 215 598 301 Dialogus
618 218 657 281 de
676 217 861 281 Oratoribus
949 292 951 297 Ι

113 386 173 443 est.
229 369 315 444 Nom
348 369 377 444 si
410 367 456 443 ed
479 369 651 446 utilitatem
675 371 759 445 vitoe
785 369 897 443 omnia
919 366 1067 445 'consilia'
1090 371 1190 445 lactu

113 496 180 569 que
203 476 317 543 uos'tra
347 469 523 565 dirigendo
547 487 643 559 sunt,
675 470 757 570 quid
783 487 833 543 est
858 470 960 542 tertios
987 498 1089 641 priam
1120 497 1191 543 cam

113 596 265 642 exercere
293 585 418 658 auem,
450 595 516 668 qao
544 597 678 669 semper
706 586 851 642 armatus
877 568 987 669 procsi
1015 569 1084 641 ium
1112 569 1191 641 ami·

77 664 83 673 ’
113 667 180 755 cis,
208 696 305 769 opem
328 668 464 754 olienis,
489 667 629 741 salutem
655 667 939 768 periclitantibus,
968 666 1092 741 invidis
1114 694 1202 759 vero·

113 784 146 840 el
173 767 317 840 inimicis
345 784 467 839 metum
501 782 533 839 et
558 784 716 838 terrorem
747 765 834 838 ultro
860 765 961 853 leret,
996 767 1071 865 ipse
1097 793 1192 838 secu·

111 892 172 939 rus
197 884 227 940 et
246 866 334 938 velut
359 865 502 965 quodam
524 883 685 965 perpetua
702 863 850 965 potentia
876 886 928 935 ac'
936 880 1100 964 potestate
1119 890 1192 937 mu-

99 1037 193 1111 tanti
217 1034 286 1092 tettt
316 1037 410 1091 oictor
443 1054 500 1091 non
528 1033 709 1114 despoliatus
737 1042 782 1092 est
818 1033 997 1113 triumplro..
1016 1033 1088 1095 Tac.
1115 1034 1191 1093 Anu.

113 1116 179 1188 xtt,
195 1121 245 1174 26.
274 1115 387 1194 Quibus
404 1117 536 1193 patratis
560 1136 644 1175 nemo
664 1115 740 1174 adeo
763 1136 870 1195 expers
883 1114 1109 1174 misericordiae
1121 1112 1192 1193 suit,

113 1217 197 1276 qoem
229 1217 286 1254 non
316 1196 485 1255 Britannici
500 1195 645 1274 fortunae
675 1218 792 1256 moeror
818 1192 960 1275 afficeret.
982 1228 1015 1242 -·
1065 1196 1191 1267 Nomia,

112 1288 146 1335 ut
174 1300 238 1359 epp.
264 1283 308 1336 ll.
334 1282 378 1337 13.
401 1283 466 1351 36..
495 1279 570 1357 apud
595 1277 754 1358 scriptores
782 1287 936 1359 argenteae
963 1276 1065 1337 aetatis
1096 1274 1191 1360 signif.

112 1356 232 1433 lamam,
254 1358 385 1432 laudem,
407 1357 534 1418 nominis
556 1358 762 1418 celebritatem.
1013 1374 1017 1383 “

197 1461 257 1522 qua
272 1462 387 1520 semper
405 1438 559 1523 armatus]
580 1439 718 1520 Exempla
738 1438 869 1520 tropicae
892 1438 1116 1522 significationis
1136 1436 1191 1498 hu·

111 1521 158 1583 ius
189 1522 273 1582 verbi
303 1520 457 1585 exhibent:
490 1519 550 1581 Cic.
579 1522 616 1581 de
644 1525 704 1581 lnv.
726 1523 749 1595 l,
774 1526 799 1581 1.
843 1521 904 1601 Qui
929 1526 973 1580 ita
999 1542 1065 1579 sese
1092 1528 1192 1580 armat
1233 1536 1236 1547 ⁴

112 1606 296 1686 eloquentia,
326 1613 358 1661 ut
383 1626 440 1661 non
467 1626 483 1661 o
502 1624 636 1681 pugnare
654 1603 811 1664 commoda
829 1606 970 1683 patriae,
995 1602 1051 1661 sed
1070 1624 1129 1683 pro
1148 1602 1193 1661 tis

109 1705 298 1768 propugnare
324 1689 426 1766 possit.
495 1706 560 1747 orn.
588 1685 662 1766 Nep.
690 1684 779 1744 Dion.
810 1705 854 1764 cp.
883 1690 911 1743 8.
954 1684 1135 1743 Callicrates
1154 1714 1191 1729 -

111 1789 144 1827 se
172 1776 273 1826 armat
298 1766 494 1846 imprudentia
518 1767 632 1826 Dionis.
674 1763 734 1826 Cic.
755 1767 828 1845 Epp.
850 1765 885 1824 acl
905 1767 982 1825 Fam.
1004 1767 1057 1840 Vl,
1080 1770 1109 1825 7.
1152 1762 1192 1825 Te

112 1848 156 1907 ad
183 1851 285 1907 arnoia
310 1870 454 1907 summum
483 1848 572 1929 dtpue
603 1849 748 1906 excellens
775 1851 921 1920 ingenium
949 1850 1090 1907 armarit.
1135 1842 1213 1905 Vi·

112 1929 231 1990 ltuhnk.
260 1929 295 1987 acl
325 1929 415 1988 ttulit.
443 1929 517 2010 Lup.
544 1952 572 2010 p.
601 1935 652 1988 71.
703 1929 754 1989 Sic
787 1932 888 2006 δρόσος
912 1926 1073 1990 ὁπλίζεσθαι
1098 1926 1190 2011 Soph.

110 2010 220 2070 Electr.
240 2031 268 2068 v.
290 2014 359 2068 995.

196 2111 280 2171 opem
302 2124 339 2136 -
360 2091 486 2148 salutem
508 2123 546 2136 -
568 2100 676 2149 metum
698 2100 727 2150 et
746 2101 890 2152 terrorem
912 2093 990 2152 ultro
1009 2084 1193 2231 seratLse-

113 2182 165 2233 rat
184 2170 278 2232 codd.
299 2173 384 2232 Fern.
406 2170 516 2247 Vaticc,
540 2171 605 2230 Per.
626 2171 715 2230 Viml.
735 2185 806 2232 vett.
835 2174 912 2236 Edt.
930 2192 1025 2253 usque
1044 2172 1081 2231 ael
1127 2169 1192 2253 'ps.,

113 2253 196 2314 euius
230 2251 461 2312 emendationem
478 2251 567 2330 seras
594 2253 775 2334 posteriores
806 2256 898 2328 Ede,
927 2254 1013 2314 etiam
1040 2252 1134 2314 Orell.
1162 2262 1192 2313 et

113 2336 211 2414 nupt,
233 2345 303 2393 sunt
317 2333 411 2394 secuti
425 2346 542 2414 praeter
554 2334 667 2393 Dronlt.
682 2334 794 2394 Osann.
809 2335 897 2396 Bekk.
911 2333 1058 2395 Boettich.
1074 2332 1191 2393 walth.

112 2414 200 2474 Raeti.
222 2415 314 2486 Rite,
340 2414 446 2494 quibus
475 2413 563 2475 lectio
583 2414 670 2493 ferat
697 2415 761 2476 inre
782 2418 903 2497 probate
924 2429 988 2493 est,
1015 2436 1107 2497 quam
1128 2413 1191 2475 etli-

112 2496 174 2579 psis
195 2495 379 2578 pronominis
397 2497 543 2557 indefiniti
562 2498 638 2578 eputl
659 2497 787 2578 optimos
810 2499 970 2578 scriptores
998 2495 1077 2556 haud
1099 2495 1191 2557 intre·

113 2600 207 2659 quens
231 2579 278 2638 eit.
315 2576 376 2638 Cic.
397 2580 433 2638 de
454 2579 536 2640 Orat.
557 2583 580 2654 l,
602 2586 631 2653 8,
654 2585 702 2638 30.
722 2600 814 2660 neque
836 2600 903 2638 rero
926 2580 1000 2638 milei
1018 2578 1192 2660 qeddpuam,

112 2661 224 2741 inquit,
251 2660 461 2739 praestabilius
488 2661 602 2719 ridetur
638 2675 727 2740 quam
753 2682 839 2741 posse
866 2660 991 2719 dicendo
1018 2669 1120 2719 tencre
1137 2660 1192 2719 leo-

114 2745 223 2799 minum
246 2749 363 2812 coetus,
385 2750 495 2799 mentes
513 2742 652 2816 allicere,
674 2744 836 2801 uoluntates
852 2744 1018 2823 impellere,
1039 2762 1098 2821 quo
1115 2742 1192 2815 oelit,

113 2821 190 2880 unde
219 2831 319 2880 autem
348 2824 414 2880 oelit
443 2821 646 2881 deducere-
669 2821 704 2880 ad
727 2844 812 2902 quem
833 2823 890 2882 loc.
918 2823 966 2882 vd.
986 2821 1135 2881 Ocltsncr.
1160 2820 1191 2881 io

114 2899 217 2983 Eclog.
239 2899 300 2962 Cic.
324 2923 353 2982 p.
375 2906 442 2962 175.
461 2903 515 2962 Et.
536 2904 583 2962 lll.
613 2902 739 2978 Quintil.
756 2906 794 2979 X,
812 2912 842 2979 2,
860 2907 909 2965 24.
950 2904 1057 2984 ltaque
1077 2923 1115 2962 ne
1136 2903 1192 2963 tae

114 2982 231 3065 quidem
251 2986 415 3058 suaserim,
443 2988 495 3043 uni
519 3005 551 3043 se
570 2986 664 3044 alicui
679 2989 818 3066 proprie,
845 3007 930 3067 quem
949 3007 1005 3065 per
1025 2988 1127 3043 omnia
1145 3002 1192 3045 se·

133 3074 238 3138 uatur,
269 3065 468 3124 addicere-
499 3064 568 3145 ibiq.
596 3066 716 3126 Herbst.
742 3066 813 3125 thid.
840 3068 878 3140 X,
907 3072 937 3140 7,
966 3068 995 3127 4.
1024 3065 1091 3139 Xll,
1112 3070 1143 3140 7,
1163 3068 1191 3123 t.

111 3087 237 3206 itachius
259 3144 420 3207 subiectum
440 3146 578 3229 intelligit
598 3169 664 3208 eum
685 3148 800 3228 ipsum,
823 3149 873 3227 qui
895 3158 962 3206 arte
982 3149 1123 3205 oratoria
1139 3164 1192 3205 ar·

115 3236 214 3287 matus
235 3227 361 3301 elicitur,
388 3226 408 3286 i.
429 3249 453 3288 e.
475 3240 641 3304 oratorem,
669 3250 742 3308 qiiae
763 3229 917 3309 explicatio
937 3227 1011 3287 mihi
1030 3224 1193 3308 simplicior

113 3318 144 3368 et
163 3306 270 3366 melior
287 3308 413 3369 videtur.
431 3343 473 3357 -
517 3311 601 3370 Ultro
628 3309 647 3368 i.
669 3332 696 3389 q.
715 3307 854 3390 insuper,
883 3321 1048 3391 praeterea:
1076 3307 1192 3391 Dialog.

112 3410 158 3468 ep.
174 3394 203 3447 9.
226 3388 327 3448 Germ.
348 3396 396 3450 28.
424 3388 503 3451 Anu.
524 3393 574 3468 lll,
596 3397 645 3451 36.
673 3390 820 3451 Boettich.
838 3393 908 3451 Lex.
928 3392 998 3451 Tac.
1018 3412 1042 3451 s·
1063 3411 1093 3450 v.
1116 3391 1206 3451 sue--

1 3482 5 3489 '
112 3479 177 3529 ton.
197 3472 286 3550 Vesp.
309 3476 357 3531 12.
377 3471 489 3531 Domit.
508 3479 558 3533 22.
586 3471 631 3533 Cl.
651 3471 791 3533 Doederl.
812 3473 886 3558 Syn.
910 3471 976 3532 Vol.
997 3473 1045 3531 lll.
1071 3493 1100 3553 p.
1126 3476 1192 3533 108.

108 3560 288 3633 praeterea,
318 3555 453 3633 insuper,
484 3556 561 3613 ultro
580 3555 678 3613 'distin
701 3576 783 3613 nens.
804 3591 843 3604 -
884 3553 1025 3633 Exempla
1049 3550 1193 3613 lormulse

112 3652 197 3773 11
224 3577 1196 3777 11111111111·11111·

80 3831 83 3839 .
110 3735 259 3867 ιιοτ.-,-Ρ
289 3736 390 3856 Melius
417 3739 570 3856 ituterror
598 3738 821 3878 conilinpuntir
846 3739 946 3880 Agiii.
962 3738 1029 3876 esp..
1051 3801 1102 3855 32.
1150 3794 1194 3856 At

112 3893 188 3933 nune
204 3875 294 3934 rediit
309 3878 440 3937 omnibus
454 3888 548 3937 metus
564 3888 593 3936 et
606 3887 704 3936 terror
725 3889 753 3935 et
768 3889 864 3938 ootum
885 3884 1033 3959 imperata
1046 3874 1192 3955 faciendi.

111 3954 379 4038 Ptin.1’aneg.cp.
401 3964 448 4019 12.
499 3958 609 4018 Terror
635 3968 665 4017 et
687 3968 781 4018 metus
800 3970 829 4018 et
850 3965 961 4020 misera
980 3961 1034 4017 itta
1054 3979 1093 4018 ecs
1112 3960 1194 4040 peri·

111 4038 186 4097 culis
198 4033 290 4114 faeta
307 4039 467 4116 prudentia
489 4040 633 4098 monebat.
676 4039 715 4098 lb.
737 4062 781 4121 cp.
803 4047 851 4101 66.

190 4120 325 4199 potentia
349 4137 389 4180 aa
414 4118 580 4203 potestate]
619 4122 667 4183 De
691 4121 858 4184 differentia
884 4121 935 4183 hh.
960 4143 1031 4199 vm,
1063 4140 1140 4202 quse
1163 4120 1193 4181 iu
