2634 4656
406 346 408 351 ,
430 330 434 337 .
507 277 587 364 Cep.
610 274 705 342 XXI.
766 334 769 341 .
1078 282 1141 346 145

61 403 227 539 ipsonditl
252 457 373 506 sensus
400 428 552 503 redolent
577 429 824 530 antiquitatem
856 458 919 506 nee
950 452 1142 535 quenquam

62 534 151 609 adeo
173 531 397 632 antiquarium
422 547 524 631 puto,
552 547 588 603 ut
613 529 761 603 Caelium
775 557 823 615 ,ex
843 557 880 602 eu
903 549 998 631 perte
1018 533 1143 627 laudet,

61 710 132 777 tor,
161 699 278 775 cultus,
299 710 449 781 onustus.x
473 697 524 759 Sis
542 698 645 759 sordes
657 695 701 758 *de
720 695 818 758 verbis
829 695 1017 781 ¹ignobilibus
1038 702 1142 763 Senes.

62 783 121 864 Ep.
145 785 212 843 114.
243 781 373 863 Quidum
390 790 505 854 contro,
524 781 593 840 dum
610 781 684 839 nilril
697 783 755 839 nisi
771 783 872 839 tritum
895 789 924 841 e't
938 784 1078 842 usitatum
1095 807 1144 845 ro-

63 866 147 939 lunt,
177 867 207 924 in
234 863 336 924 sordes
363 863 502 923 insidunt.
554 864 627 922 lteru
657 863 794 921 sordidos
816 861 834 919 i.
856 883 883 941 q.
911 861 1035 937 foedus,
1064 865 1144 926 eble-

64 958 152 1019 etus‚
187 943 343 1026 ignobilis:
378 944 503 1004 sordida
530 945 618 1003 verbu
648 943 753 1018 Quint.
779 944 855 1015 vul
886 949 917 1014 3,
947 950 993 1004 17.
1019 948 1145 1007 sordida
1181 992 1184 997 -

62 1031 163 1090 oratio
190 1029 269 1101 wll,
296 1031 328 1099 3,
358 1026 409 1086 49.
448 1027 536 1085 rerba
570 1026 722 1098 invulgata
759 1035 789 1082 et
816 1026 968 1084 sordentia
1002 1027 1078 1086 Gell.
1106 1029 1145 1106 Ν,

55 1111 104 1169 Ἀ.
125 1110 178 1182 xl,
200 1110 227 1167 7.
257 1107 345 1166 rerba
372 1108 512 1181 ignobilia
532 1108 619 1165 nimis
639 1118 669 1166 et
686 1105 838 1165 sordentia
855 1107 940 1181 xlx,
965 1113 1011 1167 13.
1040 1130 1145 1168 recon-

64 1190 194 1250 ditorum
216 1189 367 1249 eerlorum
382 1185 516 1265 foetores
534 1189 616 1248 Suet.
636 1190 713 1269 Aug.
735 1193 785 1247 86.
812 1186 915 1247 Senes.
933 1187 1078 1250 Contror.
1096 1193 1145 1251 lv.
1226 1199 1231 1206 ”

63 1293 96 1353 p.
117 1273 186 1331 284.
208 1266 273 1351 Btp.
296 1266 328 1329 Τ.
348 1266 449 1329 Livius
470 1270 507 1329 de
527 1270 710 1342 oratoribus,
730 1273 781 1351 qui
788 1269 881 1344 ⁸eerlro
895 1274 1021 1352 antiqua
1034 1281 1064 1330 et
1079 1294 1146 1331 sor·

63 1351 141 1413 dido
159 1361 365 1411 consectantur
386 1360 416 1411 et
435 1353 578 1411 orationis
600 1351 808 1409 obscuritatem
824 1353 1008 1411 severitatem
1026 1363 1146 1432 potunt,

62 1433 169 1495 oielot
193 1430 362 1492 Miltiadem
389 1433 538 1498 rhetorem
574 1434 725 1508 eleganter
751 1433 878 1492 dixisse:
913 1439 956 1492 int
981 1438 1011 1493 eo*
1038 1441 1149 1505 πλησίον

61 1523 206 1594 μαίνονται.
295 1514 301 1531 ⁵
773 1545 788 1557 ι

147 1596 234 1655 lions
253 1588 439 1676 compositio]
461 1592 559 1654 Hiare
579 1591 692 1676 (χαίηιι
705 1626 747 1641 -—
763 1592 875 1654 hiulcus
896 1594 944 1654 vd.
965 1593 1036 1654 Em.
1057 1594 1146 1656 Lexx.

66 1696 100 1738 e..
114 1674 179 1755 u'rss)
199 1674 290 1756 uulgo
312 1674 420 1735 dieitur
439 1676 553 1750 oratio,
582 1697 654 1756 qnae
676 1674 796 1737 crebros
818 1675 962 1735 vocalium
983 1697 1147 1738 concursus

65 1769 99 1819 et
119 1756 287 1830 collisiones
307 1756 414 1817 habet:
443 1757 490 1816 vd.
512 1757 598 1816 Auel.
618 1758 654 1816 ad
674 1757 745 1816 Her.
770 1758 822 1831 lt,
846 1762 891 1817 12.
914 1756 1018 1832 Quint.
1040 1758 1093 1834 ΙΧ,
1114 1760 1147 1834 4,

65 1844 119 1901 20.
138 1844 187 1899 33.
222 1841 289 1899 Hoc
303 1836 401 1898 eutein
414 1836 472 1898 loe.
487 1839 574 1897 liuns
588 1841 758 1920 compositio
780 1850 825 1897 est
849 1836 1036 1920 intelligenda
1052 1838 1149 1899 oratio

65 1920 142 1981 male
163 1918 260 1980 uineta
281 1930 311 1978 et
331 1918 500 1979 commisse:
522 1918 584 1980 Cic.
607 1919 690 1980 Orat.
708 1923 738 1993 9,
755 1925 802 1980 32.
823 1944 908 2002 quum
929 1922 1034 1980 mutilo
1055 1941 1150 2003 quae-

65 2001 140 2062 dum
161 2011 191 2061 e't
210 2002 327 2061 hiantia
346 2001 440 2060 locuti
457 2011 532 2061 sunt.
553 1999 658 2076 Quint.
680 2003 758 2074 vul,
782 2011 811 2077 6,
833 2007 882 2062 62.
922 2002 973 2062 Fit
991 2007 1067 2061 enirn
1080 1999 1150 2081 sre-

63 2086 252 2166 quentissirne
278 2101 387 2164 aspera
415 2092 444 2141 et
467 2083 544 2142 dura
565 2092 594 2141 et
615 2082 760 2144 dissoluta
780 2093 810 2143 et
835 2084 922 2144 hians
948 2087 1053 2144 oratio.
1083 2081 1150 2162 llll,¹

87 2207 123 2287 ’s
151 2244 300 2305 inconditi
312 2264 413 2304 sensns
434 2244 567 2304 redolent
586 2249 653 2305 anti
669 2241 810 2327 uitatem]
848 2244 963 2307 Adiect.
989 2246 1152 2308 inconditus
1246 2298 1251 2306 .

66 2323 106 2466 p.
130 2346 158 2405 q.
182 2329 390 2409 incompositus
408 2325 457 2385 vd.
478 2325 608 2386 Herbst.·
626 2271 668 2386 uel
683 2322 788 2403 Quint.
809 2328 848 2402 X,
870 2333 899 2405 1,
918 2336 985 2403 66.,
1012 2325 1151 2411 ἄκομψος)

81 2417 286 2487 nequeuntem
316 2429 331 2467 a
359 2405 504 2467 Cicerone
531 2407 640 2467 dieitur
666 2408 703 2467 de
725 2405 877 2487 untione,
908 2408 938 2467 iu
968 2431 1024 2489 qus
1045 2430 1150 2470 nume·

69 2508 122 2547 rue
143 2487 291 2564 oratorius
313 2487 464 2570 neglectus
485 2499 539 2547 est.
574 2487 637 2549 Cic.
659 2490 695 2549 de
723 2490 806 2550 Orat.
829 2490 877 2562 ΙΙΙ,
898 2493 949 2564 44,
972 2496 1038 2551 173.
1064 2491 1151 2574 idque

18 2598 20 2602 ·
66 2571 206 2651 princeps
226 2569 375 2630 Isocrates
395 2573 553 2642 instituisse
564 2569 682 2646 fertur,
711 2579 743 2628 ut
766 2569 942 2629 inconditum
964 2576 1151 2653 antiquorum

69 2649 187 2712 dicendi
213 2651 448 2710 consuetudinem
470 2684 508 2696 -
537 2655 666 2710 numeris
693 2655 877 2724 astringeret.
906 2653 973 2712 Tse.
1001 2651 1101 2733 Agris.
1122 2657 1152 2712 3.

69 2731 220 2790 &condito
240 2752 277 2791 ue
296 2732 366 2791 rodi
383 2751 452 2790 uoce
471 2736 669 2813 composuisse.
710 2730 847 2791 formula
868 2732 1002 2793 redolere
1022 2737 1151 2816 antiqui-

70 2822 165 2873 tatem
185 2811 334 2893 (redolere
354 2822 385 2872 et
404 2814 483 2872 olere
504 2825 574 2872 suut
592 2835 674 2874 voce.
695 2810 787 2893 med.)
810 2813 961 2895 desumpta
982 2826 1029 2876 est
1049 2835 1066 2873 e
1089 2813 1152 2875 Cic.

70 2892 157 2953 Brut.
178 2899 230 2967 21,
251 2900 300 2954 82.
340 2893 403 2957 Sed
424 2897 519 2953 nescio
539 2896 682 2976 quomodo
709 2895 794 2955 leuius
814 2892 956 2977 (Galbae)
980 2933 1020 2946 -
1046 2899 1154 2956 exilio-

71 2993 121 3033 res
147 2978 296 3040 orationes
319 2985 387 3033 sunt
413 2985 442 3034 et
464 2979 561 3051 magis
578 2979 742 3037 redolentes
762 2979 966 3058 antiquitatem
987 2977 1076 3058 quom
1099 2987 1154 3036 oet

70 3055 172 3115 Laelii
197 3066 252 3114 out
277 3057 418 3138 Scipionis
438 3066 492 3115 unt
512 3061 602 3116 etium
623 3059 753 3118 Catonis.
785 3056 914 3115 Muerub.
936 3059 1055 3117 Suturn.
1079 3058 1101 3132 Ι,
1123 3061 1152 3117 5.

71 3135 145 3218 quid
163 3136 248 3195 aliud
265 3159 362 3197 sermo
382 3147 450 3196 tuus
469 3141 528 3196 nisi
539 3142 632 3220 ipsam
647 3141 761 3199 redolet
775 3139 972 3197 uetustatem?
994 3135 1055 3198 Cic.
1068 3137 1154 3196 Brut.

72 3222 126 3288 82,
141 3221 211 3276 285.
232 3219 306 3276 midi
342 3218 438 3277 uidem
460 3239 498 3277 eo·
518 3221 596 3280 illius
610 3220 792 3280 orationibus
811 3220 942 3277 redolere
962 3219 1156 3300 ipsueAtlre-

72 3309 133 3357 nae
153 3297 293 3357 ridentur.
316 3242 420 3373 (lnlnt.
441 3302 493 3372 Vl,
516 3306 631 3375 3,107.
657 3312 685 3360 et
708 3301 796 3359 oerlo
817 3304 917 3358 onrnia
940 3310 969 3359 et
991 3322 1047 3358 oooe
1068 3301 1156 3360 nnius

73 3379 226 3438 alumnum
249 3381 329 3438 ordis
348 3383 455 3440 oleant·
467 3381 546 3455 Vlll,
569 3385 597 3455 1,
616 3388 644 3440 3.
674 3382 725 3442 sic
745 3379 820 3440 Did.
840 3388 890 3440 22.
910 3381 946 3440 ad
964 3381 1053 3440 verba
1074 3383 1157 3440 olen-

73 3463 121 3520 eta
142 3459 265 3540 suppleo
287 3460 506 3540 antiquitatem,
528 3482 602 3541 quae
618 3463 747 3527 Forcell.
765 3462 834 3519 Lex.
858 3483 881 3520 s.
896 3483 924 3519 r.
944 3461 1155 3542 interpretetus

73 3551 123 3601 est
141 3541 224 3620 qussi
243 3541 330 3601 situm
354 3555 383 3602 et
403 3562 553 3603 mucorem
574 3543 753 3619 redolentis,
777 3553 808 3601 et
823 3539 917 3602 uerba
937 3542 1110 3601 oblitterata
1128 3553 1159 3602 et

74 3623 187 3681 olentia
216 3622 329 3702 explico
358 3622 421 3703 (vd.
442 3625 547 3699 Quint.
568 3626 621 3700 w,
644 3631 672 3702 1,
692 3625 757 3708 58.)
787 3622 823 3682 ab
850 3622 985 3682 obsoleta
1012 3633 1159 3684 vetustate

73 3714 191 3783 sumpte
211 3714 241 3761 et
260 3703 387 3763 sordide.

125 3818 136 3835 ν
156 3783 374 3866 antiquarium]
411 3783 605 3868 Antiquarius
632 3785 723 3867 (Dist.
751 3792 800 3846 37.
827 3781 910 3863 42),
940 3780 1005 3856 vel,
1032 3795 1068 3842 ut
1091 3802 1159 3844 uum

75 3864 183 3940 Quint.
202 3865 240 3938 11,
262 3869 292 3938 5,
315 3873 363 3925 21.
383 3866 504 3945 loquar,
534 3871 720 3950 antiquitatis
740 3871 848 3927 nimius
868 3867 1036 3925 admirator
1057 3877 1110 3925 est.
1122 3865 1159 3940 ls,

73 3945 127 4026 qui
155 3964 218 4004 nun
245 3945 341 4005 solum
370 3945 503 4006 obsoleta
532 3949 719 4028 antiquorum
750 3959 924 4029 poetarum,
954 3958 1108 4006 oratorum
1130 3959 1161 4007 et

73 4025 288 4087 historicorum
315 4026 405 4087 verbs
431 4028 652 4109 antiquatasque
680 4029 823 4089 orationis
851 4029 960 4088 formes
988 4041 1160 4108 aucupatur,

75 4109 128 4169 sed
152 4109 289 4188 antiquus
318 4107 403 4168 etism
433 4108 595 4190 scriptores
624 4110 839 4170 recentioribus
860 4109 1069 4192 praeferendos
1090 4114 1169 4167 een·'

75 4201 132 4253 set·
173 4186 221 4257 Gl-
244 4188 412 4252 Weicuen.
432 4203 525 4272 poeto
545 4193 621 4254 hu.
641 4191 725 4274 reliq.
747 4213 776 4273 p.
798 4197 867 4253 326.
906 4191 991 4251 Suet.
1014 4191 1092 4274 Aug.
1110 4193 1161 4247 8&
1180 4223 1195 4272 1
1255 4216 1258 4221 .

910 4284 964 4346 18
