2634 4656
548 269 626 356 cap.
648 271 777 334 xant
901 289 902 292 κ
1133 274 1197 336 109

114 430 356 503 vocaverimus.
412 429 499 502 Sunt
525 425 611 500 enim
634 426 762 499 horridi
790 442 821 498 et
837 425 979 528 impoliti
995 443 1026 500 et
1047 425 1147 499 rudes
1164 441 1197 499 ct

111 528 281 603 informes
308 547 340 603 et
364 556 450 629 quos
474 529 601 599 utinam
626 555 669 598 ne
687 527 721 598 in
745 525 801 598 illa
824 544 918 627 parte
940 527 1086 598 imitatus
1110 540 1198 600 esset

113 697 236 774 socius,
265 696 403 759 triumvir
421 696 498 779 agris
524 694 690 755 dividundis
719 689 842 755 cum'c.
865 695 1000 755 Graccho
1029 707 1060 754 et
1077 694 1196 770 Fulvio,

113 791 221 839 auctor
243 779 468 861 legis‘Papiriae
491 779 527 837 de
555 777 683 837 tribunis
704 775 870 836 reficiendis
901 789 931 836 ct
954 777 1057 837 tertiae
1076 776 1196 837 tabella-

113 860 194 937 riae,
225 873 295 941 post
325 872 490 941 praeturam
518 879 534 916 a
563 864 631 918 629.
661 871 771 939 gestam
803 857 906 916 consul
940 870 1052 918 creatus
1083 862 1151 918 634.
1180 879 1197 917 a
1262 907 1268 915 .

114 941 201 1038 plebe
223 943 258 1001 ad
286 943 440 1021 optimates
463 938 569 999 defecit
596 939 727 1019 adeoque
756 940 787 997 L.
812 939 982 1018 Opimium,
1011 937 1044 999 C.
1066 938 1193 999 Gracchi

114 1023 356 1098 interfectorem,
383 1036 529 1103 prospero
552 1042 689 1080 successu
720 1020 857 1079 defendit.
908 1022 967 1080 Sed
997 1041 1012 1078 a
1042 1022 1075 1079 L.
1103 1020 1196 1080 Licin.

117 1101 227 1165 Crasso
250 1117 413 1178 accusatus,
433 1115 468 1162 ut
485 1114 592 1162 certam
609 1102 879 1161 condemnationem
900 1102 1056 1184 effugeret,
1077 1103 1195 1163 cantha-

116 1184 193 1245 ridas
216 1185 350 1267 sumpsit.
391 1183 574 1244 Praeclarum
602 1205 669 1242 curn
697 1183 963 1244 luisseoratorem
995 1196 1024 1243 et
1045 1205 1196 1245 causarum

116 1278 290 1348 patronum,
321 1266 373 1326 sed
389 1266 462 1326 iuris
484 1265 639 1347 legumque
654 1280 720 1323 ‘non
740 1265 893 1324 admodum
913 1265 1040 1345 peritum
1061 1276 1194 1345 testatur.

118 1345 177 1408 Cic.
200 1349 237 1407 de
259 1347 342 1408 Orat.
362 1349 385 1421 l,
411 1353 458 1421 10,
479 1354 527 1410 40.
548 1357 578 1406 et
601 1353 650 1417 27,
674 1352 740 1405 105.
782 1345 889 1417 Carbo,
911 1347 989 1428 quod
1009 1351 1069 1406 uita
1089 1369 1196 1430 suppo«

118 1429 234 1502 ditarit,
259 1433 348 1488 estin
371 1431 470 1487 multis
491 1428 607 1486 iudiciis
628 1431 779 1509 causisque
795 1432 934 1502 cognitus,
961 1428 1049 1487 Hunc
1069 1433 1120 1508 qui
1140 1450 1196 1487 au-

117 1511 234 1570 dierunt
251 1510 410 1591 prudentes
430 1511 576 1581 bomines,
598 1512 628 1566 in
647 1509 749 1590 quibus
760 1508 927 1586 familiaris
949 1519 1047 1567 noster
1066 1509 1101 1568 L'.
1125 1502 1196 1570 Get·
1226 1502 1230 1508 ἡ

118 1592 189 1665 lius,
211 1595 312 1674 quise
334 1593 379 1650 illi
395 1592 627 1651 contubernalem
651 1594 680 1648 in
695 1593 845 1649 consulatu
858 1588 953 1668 fuisse
969 1591 1124 1663 narrabat,
1146 1613 1197 1650 ca-

118 1695 222 1733 norum
250 1683 400 1732 oratorem
429 1670 469 1731 et'
489 1673 636 1730 volubilem
667 1675 704 1729 et'
722 1676 796 1729 satis
817 1693 932 1744 acrem,
964 1683 1051 1753 atquc
1073 1668 1196 1731 erendum

118 1765 144 1814 ct
167 1756 363 1835 uehementem
393 1763 422 1812 et
450 1753 535 1812 ooldc
556 1752 668 1810 dulcem
694 1762 722 1809 ct
736 1751 919 1833 perfacetum
937 1751 1033 1830 fuisse
1061 1754 1178 1812 dicebat
1187 1779 1195 1822 5
1265 1810 1273 1825 ,

118 1835 444 1908 addebatindustrium
464 1839 553 1893 etium
584 1845 612 1891 et
634 1835 800 1907 diligentem
821 1844 858 1895 [et
885 1838 914 1892 iu
936 1837 1197 1894 exercitationibus

118 1918 464 1999 commentationibusque
485 1917 607 1974 multum
629 1935 735 1995 operae
755 1917 873 1973 solitum
896 1937 957 1974 esse
976 1936 1093 1995 ponera.
1135 1917 1196 1976 Hic

118 2004 245 2082 optimus
264 2001 323 2058 illis
342 1999 517 2080 temporibus
539 2004 581 2055 ‘est
598 2006 742 2076 patronus
761 1996 896 2067 babitus,
927 2018 1015 2079 eoque
1028 1996 1130 2074 finum
1152 2008 1196 2058 te-

118 2091 203 2140 nente
225 2082 317 2160 plura
334 2079 411 2158 fieri
437 2079 546 2138 iudicia
574 2088 736 2159 coeperunt.
780 2077 825 2138 Cf.
854 2078 980 2138 Ellendt.
1009 2078 1144 2162 Prolcgg.
1167 2103 1196 2160 p.

118 2163 243 2223 XXXV.
265 2163 431 2221 Westerm.
448 2159 555 2220 Gesch.
573 2160 599 2218 d.
620 2181 643 2217 r.
660 2160 692 2218 B.
716 2159 746 2241 ᾗ,
764 2163 812 2220 41.
834 2161 946 2243 Meyer.
967 2160 1068 2241 fragm.
1089 2167 1196 2242 ptto.

137 2280 141 2285 ·
195 2263 322 2326 quosque
351 2244 427 2302 alios
454 2246 558 2300 merito
585 2244 719 2322 antiquus
744 2240 953 2322 uocauerimus]
997 2241 1090 2302 Codd.
1110 2245 1196 2302 Farn.

118 2324 228 2384 Vaticc.
252 2323 366 2383 Dronk.
386 2334 414 2383 et
436 2345 515 2402 seqq.
544 2325 678 2404 antiquos
698 2327 802 2383 merito
823 2344 993 2383 vocaremus
1012 2336 1080 2383 cett.
1102 2322 1195 2385 Codd.
1254 2372 1258 2376 .

118 2416 148 2467 et
170 2406 266 2480 Edd,
290 2405 348 2464 nisi
367 2405 447 2484 quod
467 2425 483 2462 a
502 2406 619 2462 Brotcr.
640 2403 670 2460 in
692 2415 804 2462 annott.
824 2405 1056 2463 commendatum
1079 2402 1208 2464 vocure-¹

118 2491 212 2546 manus
232 2486 450 2554 substituerunt
461 2485 525 2566 Bip.
548 2495 577 2543 et
592 2483 693 2544 Oberl.
713 2483 812 2542 Wolf.
834 2505 925 2543 verm.
945 2484 1065 2544 Schrift.
1085 2508 1113 2566 p.
1130 2491 1195 2546 161.

118 2571 317 2631 occurrerimus
336 2567 460 2647 explieat
487 2586 593 2625 vocare
615 2565 698 2635 licet,
728 2565 815 2624 Bach.
836 2585 942 2624 vocare
970 2565 1115 2641 solemus,
1145 2567 1197 2645 qui

119 2651 153 2710 ad
171 2650 253 2708 Anu.
276 2651 299 2724 Ι,
322 2655 369 2708 76.
389 2647 519 2729 exempla
537 2645 622 2727 perf·
634 2645 782 2705 coniunct.
802 2645 922 2728 collegit
940 2646 1055 2706 laudato
1075 2649 1195 2709 Ramsh.

118 2729 147 2813 §.
172 2735 241 2790 164.
259 2737 291 2788 5.
308 2751 332 2790 a.
374 2730 445 2788 Eius
466 2729 582 2811 generis
603 2727 801 2802 attractionis,
821 2749 881 2808 quo
901 2749 936 2788 ex
957 2728 1111 2789 enunciato
1132 2729 1196 2810 pri-

118 2811 212 2871 mari0
232 2831 341 2870 nomen
371 2809 402 2869 in
428 2809 631 2870 secundarium
661 2808 814 2868 relativum
844 2808 1038 2885 transfertur,
1067 2823 1102 2870 ut
1126 2811 1154 2870 h.
1176 2812 1195 2872 l.

118 2901 245 2975 quosque
266 2895 436 2968 aliusnon,
458 2903 573 2951 exstant
593 2912 636 2969 ap.
657 2890 747 2948 Tacit.
769 2897 847 2949 Ann.
870 2896 905 2963 11,
927 2896 975 2952 74.
1000 2895 1196 2954 consultatum-

94 3032 96 3037 .
118 2975 187 3033 inde
207 2977 286 3032 inter
304 2975 434 3048 legatos,
468 2977 569 3054 quique
590 2975 645 3030 alii
662 2983 828 3031 senatorum
850 2973 985 3031 aderant.
1005 2973 1081 3033 Hist.
1102 2977 1125 3050 l,
1146 2983 1196 3036 53.

119 3064 149 3114 ct
168 3054 291 3114 Treveri
310 3075 346 3114 ac
366 3055 528 3128 Lingones,
555 3074 681 3135 quasque
705 3055 783 3112 alias
810 3058 944 3112 nationes
970 3055 1069 3112 Galba
1089 3077 1196 3135 percu-

119 3136 206 3195 lerat.
248 3134 294 3196 Cf.
315 3134 412 3194 Pabst.
435 3134 496 3192 Ecl.
518 3136 585 3192 Tac.
607 3156 635 3214 p.
657 3138 726 3192 300.
756 3136 873 3215 Kriiger
894 3136 1074 3194 Untersuch.
1095 3158 1145 3196 aus
1168 3139 1195 3199 d.

119 3217 196 3278 Get).
220 3215 247 3275 d.
266 3218 328 3275 Lat.
349 3217 415 3296 Spr.
436 3217 515 3278 Fasc.
539 3218 584 3274 lll.
606 3238 633 3294 p.
658 3219 724 3273 170.
753 3216 841 3275 Bach.
863 3216 898 3275 ad
918 3219 996 3274 Anu.
1016 3218 1094 3291 Xlll,
1112 3225 1140 3277 8.

201 3308 270 3356 sunt
297 3302 372 3356 enim
402 3297 518 3356 borridi
534 3332 573 3344 -
594 3293 749 3376 informes]
792 3299 837 3356 De
866 3297 967 3356 adiect.
995 3298 1132 3359 barriclos
1159 3301 1197 3361 ci.

118 3377 285 3442 Ilm-Lex.
304 3379 402 3439 techn.
430 3379 485 3437 Gr.
513 3399 535 3436 s.
558 3399 585 3434 v.
635 3376 739 3436 Oratio
769 3389 799 3436 et
827 3377 955 3437 elocutio
984 3380 1109 3439 barrida
1140 3395 1196 3457 est,

119 3481 194 3541 quae
216 3474 278 3519 non
296 3472 341 3519 est
360 3471 422 3519 arte
444 3470 554 3518 structa
576 3469 605 3516 et
627 3458 787 3537 composita
797 3472 809 3532 ,’
835 3459 881 3519 cui
908 3461 1070 3539 opponitur
1088 3463 1197 3539 nitens,

118 3540 257 3624 elegans,
282 3541 391 3620 polita,
421 3539 578 3599 luminibus
601 3551 630 3598 et
651 3551 755 3598 ornatu
778 3541 908 3599 oratorio
929 3542 1064 3600 distincta
1091 3556 1120 3603 et
1141 3566 1197 3603 nu-

117 3643 245 3683 merosa.
285 3622 360 3681 Dial.
382 3630 430 3682 20.
457 3625 552 3680 tristis
571 3631 599 3679 et
627 3625 745 3701 impexa
771 3627 939 3703 antiquitas.
984 3623 1087 3696 Quint.
1109 3627 1144 3700 11,
1166 3631 1198 3703 5,

117 3710 167 3766 23.
190 3704 276 3763 rudis
295 3705 409 3762 saeculi
421 3705 557 3784 squalor,
578 3703 656 3776 Vlll,
678 3708 708 3773 5,
730 3704 778 3761 34.
800 3713 878 3760 uetus
892 3704 1014 3774 borror,
1037 3705 1075 3778 X,
1096 3712 1127 3781 2,
1151 3711 1198 3767 17.

117 3785 240 3845 barride
258 3795 346 3865 atque
372 3787 568 3865 incomposite.
608 3780 668 3841 Cic.
699 3783 781 3842 Orat.
804 3787 855 3858 45,
881 3789 946 3842 152.
988 3780 1108 3844 Catonis
1130 3807 1199 3848 ora-

114 3866 216 3926 tiones
239 3866 411 3924 horridulae
438 3866 584 3925 dicuntur.
625 3864 738 3946 Synon.
760 3864 825 3922 rud.
847 3875 875 3922 et
895 3861 945 3942 inf.
966 3864 1014 3922 vd.
1036 3867 1103 3926 Tac.
1123 3868 1199 3929 Dial.

116 3955 166 4010 20.
189 3947 262 4006 rudi
281 3957 431 4005 caemento
458 3958 487 4006 et
506 3943 676 4022 informibus
699 3947 821 4018 tegulis:
854 3946 933 4006 Anu.
953 3947 1018 4022 xtt,
1039 3952 1088 4008 35.
1110 3951 1200 4012 rudes

116 4039 146 4089 et
163 4029 304 4108 informes
322 4049 466 4086 saxorum
488 4046 652 4105 compages.

203 4120 233 4170 ct
250 4129 323 4192 quos
340 4114 453 4170 utinam
473 4111 607 4167 imitatus
625 4127 661 4179 nc
681 4110 711 4165 in
731 4109 786 4166 illa
808 4120 897 4189 parte
925 4107 1017 4191 esset]
1049 4133 1121 4194 quos
1141 4115 1200 4173 uti-

116 4211 188 4253 nam
208 4194 345 4251 imitatus
365 4202 441 4251 esset
472 4189 566 4251 Codd.
586 4189 651 4248 Par.
675 4188 759 4248 Vind
788 4201 860 4251 vett.
889 4190 964 4251 Edd.
993 4213 1064 4274 quos
1084 4197 1198 4253 utinam
