2634 4656
557 207 635 291 Cap.
659 207 788 275 XXVI.
874 236 880 245 ·
1146 211 1207 274 183

133 360 361 458 excerpsissot.
414 360 549 455 Quotus
575 360 674 431 enim
688 359 831 460 quisque
848 359 1119 436 scholasticorum
1138 393 1207 437 non

133 456 198 530 hac
222 485 284 530 sua
308 460 526 556 persuasione
546 459 692 550 ¹fruitur,
717 475 755 530 ut
779 485 815 531 33
836 476 912 532 ante
926 459 1119 535 Ciceronem
1142 492 1206 538 nu-

131 573 257 645 meret,
283 557 344 629 sed
365 557 465 657 plane
486 575 564 658 post
590 555 842 632 Gabinianum?

215 720 334 814 Quoius
356 729 432 798 enim
451 723 596 822 quisque]
630 722 767 784 Formnla
789 729 1011 810 quotusquisque
1038 722 1107 807 (der
1132 715 1206 789 wie-

128 804 236 867 3131313
255 806 411 887 j'edesmal,
443 807 470 866 d.
491 807 524 866 ln·
547 828 605 866 wre
627 806 672 866 ost
699 804 782 866 einer
808 806 881 876 oder
899 808 957 867 wie
978 806 1071 867 selteu
1097 807 1206 892 einer),

130 906 206 966 quae
225 900 343 967 praeter
356 887 385 947 lt.
403 888 421 947 1.
443 899 538 948 exstat
557 887 698 948 111313103
710 893 846 961 21.“29.,
868 888 1012 970 significat
1032 889 1206 968 paucitatem
1311 950 1313 955 .

127 968 179 1027 ud.
191 969 318 1029 Herbst,
330 971 365 1029 ad
381 970 486 1045 Quint.
502 972 541 1043 X,
556 971 586 1043 1,·
597 971 647 1030 41.
666 968 781 1030 Kuehu.
798 971 834 1031 ad
852 968 912 1031 Cic.
930 973 1018 1031 Tum.
1037 973 1071 1043 ll,
1087 974 1116 1040 t,
1139 976 1185 1032 11.

110 1090 137 1117 .·
209 1087 267 1125 non
287 1068 344 1140 lrac
362 1088 418 1126 sua
437 1069 628 1149 persuasione
638 1063 772 1148 fruitur]
796 1067 873 1126 Frui
890 1067 909 1125 1.
930 1089 957 1147 q.
979 1056 1207 1129 admodumde-
1271 1077 1276 1089 “

119 1146 231 1212 lectari
252 1146 346 1226 aliqua
368 1171 420 1222 re,
455 1169 587 1230 magnam
612 1147 792 1228 voluptatem
815 1148 966 1229 percipere
989 1168 1025 1210 ex
1046 1148 1082 1208 ali
1104 1171 1207 1215 aare.

125 1216 359 1295 1331113112.
379 1229 549 1312 fruiturque
573 1229 693 1310 sedibus
712 1232 816 1314 sacris
844 1228 923 1289 Ann.
945 1231 981 1302 ll,
1005 1235 1052 1290 ts.
1074 1171 1208 1309 inuitur-¹

127 1308 286 1390 quesama
307 1314 355 1369 sui
373 1332 396 1370 3.
409 1323 518 1381 33331.
538 1312 615 1390 Rup.
637 1309 741 1385 Quint.
763 1310 858 1384 Xl,3,
877 1315 924 1371 1-1.
955 1312 1000 1370 illi
1015 1315 1207 1392 persuasione
1286 1338 1291 1345 ·

124 1410 183 1450 sua
195 1389 349 1468 serrantur.
370 1395 409 1469 ll,
432 1397 481 1468 18,
502 1394 531 1454 4.
551 1390 1021 1472 333133313113333311333133.

202 1498 242 1547 -ut
262 1509 294 1547 se
315 1501 384 1549 aute
399 1488 564 1552 Ciceronem
579 1497 720 1562 numeret,
735 1488 795 1554 ¹sed
808 1488 896 1569 piane
906 1498 975 1569 post
989 1487 1207 1570 Gabinianum]
1291 1503 1300 1523 “

125 1569 197 1629 Non
219 1589 340 1630 necesse
363 1581 426 1635 3331
446 1569 474 1628 t.
495 1569 514 1629 1.
536 1568 720 1629 sanissimum
746 1567 782 1629 ab
805 1569 896 1629 Orell.
925 1569 1000 1631 bene
1021 1570 1205 1650 explanatum

125 1650 305 1711 coniecturis
319 1654 384 1708 VV.
401 1651 467 1710 111).
487 1649 582 1710 textui
603 1649 733 1708 obtrusis
754 1645 871 1725 1331311,
893 1650 991 1728 quales
1014 1663 1084 1711 sunt
1106 1651 1204 1712 Ober-

124 1733 179 1792 113.
200 1742 232 1791 31
250 1753 283 1790 se
304 1753 361 1790 non
384 1732 501 1813 quidem
522 1741 592 1791 ante
614 1731 783 1790 Ciceronem
802 1741 951 1803 numeret,
974 1731 1099 1796 Seebod.
1121 1741 1152 1791 ut
1172 1752 1204 1790 se

124 1824 196 1874 ante
217 1813 384 1874 Ciceronem
404 1817 437 1872 ni
455 1823 602 1887 numeret,
631 1824 661 1870 et
683 1809 798 1871 Dronk.
819 1823 851 1872 ut
877 1832 908 1870 se
936 1822 1005 1872 unte
1033 1813 1202 1872 Ciceronem

122 1918 184 1956 non
203 1905 343 1963 numeret.
382 1893 536 1954 Formulae
556 1913 713 1953 nrumerare
732 1903 802 1952 ante
825 1895 970 1976 aliquem,
990 1893 1008 1952 i.
1031 1916 1058 1972 q.
1078 1906 1203 1974 antepo-

123 1996 197 2045 nere
210 1975 307 2051 alicui,
324 1954 438 2055 ¹pluriter
453 1987 540 2054 atque
555 1973 718 2034 contrariae
732 1995 889 2034 numerare
899 1985 967 2054 post
983 1978 1120 2056 aliquem,
1138 1975 1156 2032 i.
1174 1997 1205 2055 q.

110 2069 317 2138 postponere,
345 2056 474 2136 exempla
492 2055 637 2119 rarissima
659 2066 737 2116 suut.
772 2057 840 2116 Tac.
861 2056 938 2115 Anu.
960 2059 997 2131 ll,
1020 2059 1069 2117 47.
1110 2056 1203 2118 Nobis

122 2140 199 2199 nihil
223 2140 303 2198 ultra
329 2139 497 2213 arrogalo,
527 2157 615 2220 quarn
643 2147 679 2196 'ne
703 2139 770 2217 post'
800 2138 949 2197 Valentem
977 2156 1013 2198 ac
1041 2137 1202 2197 Caecinam

72 2215 80 2224 ⁶
120 2240 328 2281 numeremur,
348 2218 400 2279 Sil.
420 2219 481 2278 ltal.
501 2221 568 2296 XV,
590 2221 658 2279 747.
688 2229 717 2277 et
742 2229 812 2277 ante
825 2240 930 2279 omnes
950 2218 1023 2277 lrelln
1044 2239 1203 2278 numeran-

122 2301 178 2360 dus
198 2302 359 2360 Hamilcar
377 2300 433 2360 Est
450 2294 574 2375 genitor.
614 2300 814 2374 Gabinianus,
842 2299 946 2363 rhetor
966 2299 1037 2358 clari
1058 2299 1198 2372 nominis,

78 2394 83 2404 '
121 2381 198 2443 risit
211 2381 266 2441 sub
282 2381 461 2462 Vespasiano
476 2393 506 2440 et
525 2381 556 2439 in
575 2379 669 2440 Gallia
689 2380 798 2440 docuit.
815 2380 862 2439 vd.
878 2379 984 2439 Euseb.
1003 2379 1142 2439 Chronic.
1165 2379 1201 2438 ad

121 2466 244 2545 Vespas.
266 2483 332 2522 ann.
354 2460 381 2522 8'.
423 2461 539 2521 ln'lnd.
561 2462 683 2521 833133.
707 2459 743 2518 de
768 2459 851 2518 elaris
873 2459 1200 2526 rhetoribusnomiua-

120 2557 174 2605 tur
193 2545 263 2603 Sea.
286 2544 379 2604 lulius
399 2543 584 2606 Gabinianus
603 2542 650 2599 vd.
665 2539 780 2601 Schott.
801 2541 837 2600 de
857 2539 925 2600 clar.
945 2561 991 2618 ap.
1004 2541 1107 2600 Senec.
1129 2540 1199 2600 rhe-

121 2638 181 2686 tor.
202 2647 229 2705 p.
244 2626 314 2685 404.
357 2624 538 2706 Sententiam
559 2622 587 2681 h.
605 2621 624 2681 l.
646 2621 755 2702 optime
769 2621 933 2703 explanavit
949 2619 1090 2695 Orellins,
1112 2642 1198 2701 quem

105 2705 270 2784 ⁴Eclsstein.
297 2716 328 2765 et
349 2705 438 2765 Bach.
466 2716 537 2764 sunt
560 2703 669 2764 secuti:
698 2703 786 2761 »adeo
816 2708 987 2783 arrogantes
1018 2702 1198 2762 333133133-

120 2787 216 2853 lastici
235 2786 350 2859 333131,
378 2799 413 2846 ut
440 2786 577 2864 antiquos
598 2795 730 2845 oratores
753 2806 843 2864 quum
870 2783 1029 2863 de'spiciant
1049 2783 1197 2843 recentio-

119 2889 229 2947 resque
243 2868 284 2931 ‚iis
306 2879 500 2948 anteponant,
532 2888 635 2927 eorum
657 2866 781 2945 quisque
802 2886 834 2924 se
855 2862 1118 2943 ante‘Ciceronem
1139 2886 1196 2924 nu-

119 2960 216 3020 meret
249 2948 294 3028 (id
320 2961 366 3008 est
394 2949 545 3009 meliorem
578 2969 611 3008 se
639 2947 737 3008 credat
763 2944 940 3024 Cicerone),
971 2945 1115 3005 minorem
1142 2945 1196 3004 ali-

119 3041 230 3112 quanto
252 3028 435 3105 Gabiniano,
461 3029 622 3090 clarissimo
643 3028 706 3088 3133
727 3027 868 3106 temporis
888 3026 1026 3101 rhetore,
1040 3041 1043 3046 ·
1056 3025 1141 3105 plane
1159 3024 1195 3106 (1.

119 3133 147 3174 3.
174 3109 313 3192 prorsus)
341 3123 437 3170 tamen
466 3109 535 3170 huic
563 3110 717 3172 vieinurnn
768 3107 909 3168 Ceteram
935 3107 1006 3166 haec
1030 3106 1197 3188 arrogantia

118 3192 363 3254 scholasticorum
383 3190 548 3251 illustratur
567 3213 612 3272 ap.
632 3190 734 3250 Senec.
756 3191 894 3268 Excerpt.
915 3185 1078 3248 Controvr.
1096 3189 1129 3246 L.
1147 3189 1193 3246 lll.

78 3302 92 3321 ·
118 3272 209 3357 praef.
230 3296 259 3354 p.
280 3278 349 3335 399.
374 3273 440 3354 Bip.
461 3273 594 3352 exemplo
614 3273 646 3332 L.
668 3269 760 3331 Cestii
779 3270 844 3344 Pii,
871 3268 1026 3352 Smyrnaei
1054 3267 1194 3345 rhetoris,

118 3356 196 3417 circa
222 3353 338 3413 initium
357 3375 439 3413 aerae
467 3351 650 3430 Christianae
671 3354 782 3412 Romae
801 3351 952 3425 docentis,
982 3349 1033 3429 qui
1053 3372 1070 3409 3
1089 3347 1193 3418 Cassio

117 3439 232 3498 Severo
251 3434 324 3495 iocis
345 3434 545 3514 conviciisque
570 3433 601 3492 in
622 3455 688 3493 euru
709 3431 811 3492 effusis
832 3449 895 3492 'nun
916 3451 954 3491 eo
969 3430 1046 3512 adigi
1065 3432 1193 3510 poterat,

117 3528 153 3579 ut
183 3516 295 3576 inraret
320 3516 507 3577 disertiorem
541 3536 606 3575 esse
635 3513 809 3575 Ciceronem
838 3535 924 3593 quam
953 3533 1003 3584 se,
1049 3512 1200 3589 cuiusque¹

116 3598 195 3679 apud
217 3616 327 3677 pueros
356 3609 387 3657 31
413 3597 612 3657 adolescentes
637 3594 755 3659 scholas
780 3613 847 3653 suas
872 3594 1091 3672 frequentantes
1113 3602 1193 3650 tanta

117 3690 181 3741 crat
200 3679 377 3752 auctoritas,
406 3691 440 3738 31
465 3699 526 3738 333
550 3686 664 3736 tantum
693 3674 892 3735 disertissimis
913 3673 1004 3745 viris,
1033 3671 1191 3731 sedetiam

116 3758 256 3823 Ciceroni
277 3757 408 3820 Cestium
428 3781 514 3819 suom
532 3757 758 3839 praetulissent,
785 3755 843 3816 nisi
859 3754 968 3834 lapides
989 3753 1190 3826 timerent„et
1296 3789 1299 3794 -

88 3875 91 3879 ·
115 3852 152 3902 nt
172 3839 260 3899 huius
276 3840 509 3901 'declamationes
531 3839 707 3913 ediscerent,
735 3837 814 3896 illins
842 3848 939 3896 autem
959 3833 1107 3894 orationes
1128 3853 1200 3892 non

113 3922 251 4006 legerent
270 3921 328 3981 nisi
349 3943 416 3995 333,
437 3921 544 4001 quibus
565 3920 776 4000 rescripserat,
802 3918 881 3997 quod
901 3915 1008 3977 sactum
1028 3926 1074 3975 331
1094 3913 1129 3974 ab
1152 3930 1189 3974 33·

112 4002 326 4073 ,declamatione
346 4004 378 4064 in
394 4002 535 4063 Milonem
556 4001 684 4062 recitata.
725 3999 771 4060 Gt.
796 3996 933 4060 Bonnell.
954 3998 990 4057 de
1011 4007 1112 4057 mutat·
1133 3995 1188 4056 sub

106 4082 202 4170 prim.
224 4082 307 4146 Caes.
329 4085 405 4166 eloq.
427 4087 514 4144 Rom
533 4081 694 4162 condic-'p
718 4086 765 4147 10.
