2634 4656
78 2382 107 2428 >‘
202 2376 238 2455 'ad
259 2390 327 2453 Sall.
348 2392 409 2474 lug.
430 2396 479 2464 30,
501 2396 528 2452 3.
559 2393 659 2468 64,’4.
704 2390 789 2452 Held.
809 2403 840 2452 et
867 2392 1034 2474 Herzog.a

202 198 305 310 ms'
441 279 444 283 ›
525 234 740 329 ntangassea
764 243 957 315 octonem

160 439 167 457 .
200 425 365 481 concursu
385 388 486 489 totius
509 397 648 474 civitatis
665 416 697 474 et
712 418 881 476 accusatos
906 411 938 473 et'
956 398 1125 487 defensos,
1150 397 1188 472 ut
1212 397 1267 472 111-

198 499 390 599 'gidissimos
415 526 549 599 quoque
574 516 721 575 oratores
740 502 814 601 ipsa
839 503 994 591 certantis
1017 499 1135 601 po'puli
1161 500 1269 592 studio

86 654 95 669 .
171 603 340 680 'excitare
370 614 400 674 et
433 598 610 673 incendere
635 603 822 701 potuerint.
860 603 976 701 Itaque
1005 598 1149 673 Hercule
1183 600 1269 672 eins-

120 788 122 797 .
165 766 169 781 ,
199 699 291 776 modi
316 699 394 774 libri
419 715 564 787 exstant,
579 715 628 772 ,ut
659 701 724 802 ipsi
749 700 901 801 qnoque,
935 700 993 802 qui
1021 715 1269 799 egerunt,‘n0n

199 800 273 876 aliis
295 800 401 898 magis
427 797 632 872 orationibus
646 819 861 875 censeantur.
1256 826 1259 831 ·

611 966 741 1040 vap.
780 969 859 1025 xli.
924 974 926 978 '

299 1069 368 1140 lam
384 1094 462 1140 vero
486 1064 661 1140 conciones
687 1066 839 1140 assiduae
856 1082 887 1139 et
903 1062 1017 1138 clatum
1039 1067 1092 1140 ius
1108 1066 1268 1167 poteritis-

201 1169 322 1242 simum
339 1194 513 1268 ‚quemque
537 1167 676 1240 vexandi
703 1184 800 1269 atquc
824 1166 898 1268 ipsa
929 1166 1269 1265 inimicitiarumglo-

200 1327 235 1386 L.
256 1325 429 1407 Calpurnius
447 1325 567 1400 Bestia,
587 1322 695 1384 tribn‘m
714 1323 753 1405 pl.
775 1330 853 1398 692,
873 1323 971 1385 aedilis
994 1322 1125 1406 plebeius
1149 1329 1219 1395 696,
1238 1323 1267 1383 iu

201 1406 360 1470 coniuratis
388 1403 528 1467 Catilinae
554 1428 570 1466 a
592 1406 658 1466 Sall.
681 1412 727 1466 17.
757 1406 939 1477 nominatus,
967 1407 996 1465 in
1023 1405 1167 1486 petitione
1186 1426 1268 1485 prae·

199 1501 284 1552 turae
303 1489 340 1550 de
359 1488 467 1549 ambitu
495 1500 643 1549 accusatus
671 1509 694 1548 a.
716 1488 743 1547 d.
763 1490 810 1548 lll.
858 1489 897 1549 ld.
922 1487 1057 1548 Februar.
1088 1493 1158 1547 698.
1177 1478 1269 1550 uc.

201 1571 338 1634 defensus
359 1581 405 1631 est
423 1593 440 1631 a
459 1569 602 1632 Cicerone
621 1570 696 1651 opud
716 1582 879 1651 praetorem
899 1568 954 1631 Co.
968 1568 1132 1629 Domitium
1153 1569 1182 1629 in
1203 1569 1268 1630 soro

201 1653 298 1717 snerlio
319 1652 440 1712 maximo
462 1665 618 1713 conventu.
637 1653 683 1712 vd.
699 1653 777 1734 Epp.
796 1653 831 1712 acl
852 1652 956 1728 Quint.
976 1654 1025 1711 Fr.
1043 1653 1078 1724 ll,
1095 1657 1123 1711 3.
1145 1650 1267 1735 Philipp.

204 1743 232 1808 1,
254 1743 282 1795 5.
323 1737 473 1794 Onomast.
494 1730 571 1794 Tull.
590 1737 622 1794 P.
644 1737 677 1793 ll.
697 1758 726 1815 p.
748 1739 832 1809 121.,’
869 1734 952 1794 ruins
976 1744 1048 1793 orat.
1069 1732 1149 1792 nulle
1169 1732 1267 1816 fragm

92 1842 94 1845 ’
175 1888 179 1905 ,
202 1830 325 1881 exstant.
344 1817 391 1876 vd.
414 1817 504 1877 (lrell.
526 1812 592 1877 vol.
612 1818 662 1876 lV.
682 1818 713 1878 P.
735 1818 769 1876 ll.
790 1839 819 1899 p.
837 1819 906 1879 469.
946 1816 992 1876 De
1013 1814 1132 1874 Vatinio
1153 1815 1202 1876 vd.
1219 1836 1269 1875 au·

202 1899 482 1962 not.a‹lDial.2l.
608 1903 658 1919 “’
765 1928 871 1968 ’,Ι
977 1918 1026 1949 ·,

279 2002 419 2042 concursu
446 1984 535 2040 totius
559 1977 700 2062 civitatis]
734 1984 757 2040 l.
784 1991 1030 2051 11,,10111111111111
1054 1991 1117 2039 tota
1145 1974 1294 2042 civtnte'

202 2064 280 2126 Ann.
299 2066 364 2137 1111,
382 2066 431 2125 47.
459 2065 599 2145 'simulque
617 2083 759 2123 concursu
774 2065 911 2144 plurium.
946 2061 1060 2145 'Agris
1083 2067 1131 2121 33.
1154 2065 1267 2146 iamque

203 2150 324 2222 agmina
344 2154 371 2203 et
392 2165 540 2205 armorum
555 2142 689 2222 fulgores
713 2139 915 2205 audentissimi
933 2149 1066 2227 cuiusque
1083 2164 1226 2227 procursu
1244 2166 1267 2205 r.

203 2239 302 2289 annot.
323 2225 443 2287 Walrh.
489 2228 535 2286 De
556 2249 611 2306 qua
631 2226 754 2308 signific.
772 2226 924 2309 temporali
945 2224 1061 2287 ablativi
1080 2226 1128 2284 vd.
1151 2225 1267 2286 Ramsh.

204 2310 232 2394 ξ.
255 2313 321 2372 148.
342 2305 375 2369 C.
395 2329 420 2369 a.
446 2307 535 2370 1111111.
563 2309 633 2370 Exc.
653 2311 731 2369 xlx.
758 2309 794 2368 1111
819 2310 889 2369 'fac
914 2309 1012 2391 Agrir.
1036 2313 1158 2452 pelam.
1179 2307 1259 2452 {rig
1306 2386 1309 2393 μ

1118 2410 1160 2451 es.
1207 2435 1214 2448 .
1259 2435 1267 2450 .

203 2477 232 2550 1,·
250 2478 295 2536 18.
331 2473 441 2557 Reisig.
462 2472 576 2534 Vorles.
603 2471 632 2556 §.
652 2475 722 2534 400.
748 2495 774 2534 c.
793 2475 876 2534 Haas.
903 2484 1000 2534 annot
1022 2477 1091 2534 409.
1123 2492 1179 2532 nec
1200 2471 1267 2532 h.l.

201 2554 388 2628 immemoris.
426 2557 473 2616 De
498 2576 531 2617 re
558 2554 595 2616 ci.
624 2556 717 2616 Haud.
744 2555 776 2615 iu
802 2556 906 2617 Ersch.
934 2567 967 2616 ct
986 2553 1080 2616 Grub.
1107 2553 1268 2640 Euryclop.

204 2637 282 2702 Seri.
303 2640 322 2697 l.
345 2637 523 2719 v01.17.p.
544 2643 614 2699 222.
1099 2639 1101 2647 ’

272 2718 485 2804 frigidissimos
496 2740 606 2802 quoqne
624 2718 773 2800 oratores]
794 2721 930 2795 Frigidus
946 2715 1082 2802 (frostig)
1105 2730 1210 2779 orator
1225 2729 1283 2781 est.

202 2803 248 2878 is,
276 2801 326 2883 qui
344 2802 425 2871 tarde
452 2812 670 2884 commovetur,
698 2822 764 2861 raro
792 2802 955 2875 incalescit,
988 2801 1034 2862 cui
1056 2802 1140 2866 deest
1168 2813 1268 2862 orato·

115 2890 118 2895 ’
203 2886 266 2947 rius
287 2905 389 2967 vigor,
411 2905 470 2964 quo
490 2885 526 2944 ad
544 2883 654 2943 animos
676 2878 852 2943 audientium
874 2876 1098 2944 commovendos
1120 2902 1196 2963 opus
1218 2895 1270 2945 est.

201 2964 426 3032 vacienus.
441 2969 493 3043 48,
509 2971 576 3026 178.
614 2965 651 3025 In
664 2965 763 3026 eodem
773 2988 878 3041 genere
893 2987 1046 3026 causarum
1063 2966 1268 3029 inultumerot

203 3051 236 3112 Τ.
251 3049 405 3116 Iuventius,
424 3051 509 3108 nimis
521 3049 569 3108 ille
581 3047 695 3131 quictem
709 3050 801 3131 lentps
813 3052 842 3107 in
857 3049 977 3108 dicendo
993 3059 1021 3107 et
1033 3045 1271 3129 poenesrigidus,
1284 3096 1288 3107 .

205 3133 279 3213 Epp.
299 3130 334 3190 ad
354 3131 457 3205 Quint.
477 3129 525 3191 Fr.
546 3131 596 3207 111,
616 3135 645 3191 3.
662 3129 860 3208 frigidissimis
879 3131 1095 3192 accusatoribus
1110 3133 1163 3187 uti.
1200 3130 1271 3192 Ero.

89 3233 91 3237 '
203 3215 273 3276 Lex.
293 3212 389 3272 teclin.
410 3213 469 3272 Lat.
493 3235 517 3272 s.
538 3233 566 3272 v.
1161 3236 1166 3243 ·
1288 3260 1293 3267 .

261 3295 360 3376 populi
372 3294 471 3354 studia
483 3298 616 3354 excitare
628 3302 658 3353 et
671 3294 820 3354 incendere
831 3292 993 3378 potuerint]
1016 3291 1076 3352 Cic.
1088 3312 1136 3353 or.
1150 3293 1188 3355 de
1201 3281 1281 3377 imp·

202 3377 305 3458 Pomp.
322 3383 348 3435 2.
369 3387 476 3436 cestros
487 3379 601 3436 unimus
616 3380 746 3437 excitare
764 3377 1056 3462 atque'inflammare.
1088 3373 1177 3436 Orid.
1198 3375 1272 3461 Epp

203 3481 240 3520 ex
259 3461 344 3518 Pont.
364 3460 415 3535 11,
435 3465 465 3534 2,
485 3463 534 3520 35.
559 3457 681 3519 Excitat
698 3458 815 3522 ondito'r
832 3460 959 3521 studium
979 3457 1163 3540 laudataque
1183 3461 1273 3521 virtus

174 3552 176 3554 ’
208 3541 326 3602 Crescit.
1029 3590 1032 3597 .

262 3619 449 3703 censeantur]
464 3621 587 3681 Censere
599 3621 722 3703 aliquem
732 3612 824 3704 aliqua
840 3645 872 3684 re
887 3622 906 3682 1.
920 3646 947 3703 q.
963 3621 1114 3683 aestimare
1135 3620 1271 3707 usurpari

202 3726 220 3767 a
239 3705 350 3784 scripit.
372 3714 522 3784 argenteae
542 3704 640 3765 aetatis
667 3705 753 3766 docet
767 3706 904 3766 Stiirenb.
925 3705 960 3765 ad
976 3703 1035 3766 Cic.
1057 3726 1103 3786 pr.
1119 3704 1230 3766 Archia
1244 3710 1270 3766 6.

202 3802 233 3869 p.
249 3792 315 3847 100.
337 3786 389 3845 Ed.
413 3791 495 3846 1832.
515 3786 691 3868 Tacngric.
702 3791 751 3848 45.
772 3809 829 3847 uno
847 3788 942 3848 odlzuc
955 3791 1076 3847 victoria
1095 3785 1192 3848 Carus
1207 3788 1270 3848 Me·

111 3881 115 3892 ‘
203 3873 262 3929 tius
277 3869 453 3926 censebatur.
494 3867 568 3927 Plin.
584 3871 688 3950 Pancg.
706 3873 755 3946 15,
768 3875 796 3929 5.
816 3872 862 3931 tte
881 3880 909 3930 te
928 3872 1120 3930 commilitone
1138 3875 1283 3928 censetnr'

204 3971 229 4012 c.
250 3962 348 4010 annot.
368 3949 512 4010 Schwarz.
535 3952 615 4011 Suet.
637 3953 765 4012 Gramm.
789 3957 835 4011 10.
890 3952 1099 4022 Eratosthenes
1122 3952 1271 4032 multiplici

99 4059 104 4081 ¹-
205 4035 345 4127 euriopue
370 4032 501 4092 doctrino
529 4034 706 4094 censebatur.
760 4035 805 4094 De
834 4045 979 4095 structura
1000 4034 1158 4093 verborum
1184 4031 1270 4094 aesti-

204 4113 302 4176 mandi
321 4134 345 4173 c.
367 4108 487 4196 simplici
507 4114 631 4176 ablativo
652 4116 687 4192 rs.
709 4115 826 4178 Walch.
851 4117 885 4177 ad
906 4119 972 4177 Tac.
997 4118 1138 4200 1131105.
1160 4138 1188 4198 p.
1207 4117 1270 4178 144.

202 4193 324 4259 namet.
342 4194 371 4279 9¹.
397 4202 461 4259 142.
482 4201 510 4257 r.
535 4224 539 4231 -
