2634 4656
64 246 78 258 .
135 267 138 273 ’
201 263 274 328 124'
530 261 688 342 Dialogus
709 262 747 320 de
773 256 958 320 Oratoribus

195 422 299 522 potita
324 419 426 491 series
449 397 480 488 et
505 416 683 488 multarum
707 413 906 486 divisionum
931 410 1107 482 ostentatio
1135 427 1169 481 et
1190 408 1277 481 mille

144 546 147 550 ·
196 535 466 615 argumentorum
502 515 647 612 gredau,
690 531 721 586 ct
758 511 919 612 quiequid
950 510 1041 583 aliud
1075 508 1275 580 aridissimis

194 620 421 713 Hermagorae
452 615 650 715 Apollodori
687 613 783 685 libris
809 610 1036 711 praecipitur,
1079 609 1116 679 in
1148 607 1275 679 honore

277 782 466 865 divisionum]
494 783 581 842 Bach.
602 783 706 864 accipit
727 783 763 841 de
781 784 956 864 partitione,
988 800 1072 858 quam
1095 778 1204 852 Quint.
1225 778 1272 851 lv,

194 872 225 942 5,
249 873 275 927 1.
295 869 337 927 sic
353 868 463 926 definit.
503 866 634 924 Partitio
657 877 700 923 est
719 876 886 937 nostrarum
908 872 961 919 ant
980 861 1149 919 adversarii
1166 876 1273 941 propo-

192 954 330 1008 sitionum
353 960 405 1007 arrt
433 958 623 1028 utrarumque
651 948 753 1004 ordine
782 948 893 1004 ‹sottrua
922 946 1113 1000 enumeratio.
1159 944 1202 1000 At
1230 939 1272 998 di-

194 1031 319 1113 stinguit
347 1029 518 1088 divisionem
545 1051 559 1087 a
583 1028 741 1109 partitione
766 1031 801 1101 V,
826 1033 873 1099 10,
897 1031 944 1082 63.
993 1024 1145 1082 Diuisione
1176 1033 1271 1082 autern

106 1134 108 1139 ’
193 1114 333 1171 adiuuari
348 1110 519 1191 finitionem
546 1110 631 1168 docet
656 1130 776 1190 eamque
799 1107 919 1184 differre
947 1126 966 1163 a
985 1109 1164 1185 partitione:
1198 1101 1273 1185 quod

193 1194 266 1252 haec
286 1197 325 1253 sit
353 1197 442 1252 totius
472 1196 500 1248 in
520 1201 639 1270 partes,
669 1194 722 1249 illa
747 1194 862 1264 generis
890 1193 919 1245 in
941 1185 1067 1263 flumas.
1107 1189 1172 1256 vn,
1198 1191 1224 1260 1,
1245 1191 1270 1243 2.

192 1277 240 1334 Sit
259 1279 349 1349 igitur
374 1307 408 1318 -
431 1273 532 1330 dioisin
552 1266 658 1329 rerum
687 1262 814 1353 plurium
844 1274 873 1329 in
893 1270 1041 1341 singulas,
1064 1272 1193 1347 partitio
1213 1272 1268 1326 sin-

190 1359 328 1430 gularum
358 1359 388 1412 in
413 1364 515 1436 partes
541 1354 684 1412 discretus
713 1353 784 1412 ardo
821 1362 849 1409 et
876 1361 960 1409 reeta
988 1349 1138 1431 quaedam
1167 1351 1269 1410 locatio

187 1439 337 1518 prioribus
358 1440 508 1517 sequentia
531 1448 695 1495 arzrrectens.
1243 1436 1247 1442 '

274 1544 303 1591 et
322 1535 399 1591 mille
426 1542 663 1605 argrrmentorurn
687 1529 818 1612 gradus]
847 1529 953 1604 Quint²
972 1531 1010 1602 V,
1041 1534 1087 1588 10.
1117 1529 1153 1588 de
1186 1548 1269 1611 argu-

191 1615 308 1674 mentis.
330 1613 356 1694 ξ.
381 1618 405 1671 Ι.
446 1615 529 1674 Nunc
559 1614 594 1671 de
615 1618 804 1687 argumentis.
851 1613 918 1670 Hoc
947 1615 1020 1668 enim
1046 1615 1163 1669 ntnnine
1193 1630 1269 1668 eorn-
1298 1632 1306 1641 ·

188 1699 346 1778 plectimur
366 1699 480 1767 omnia,
509 1696 584 1776 quere
614 1696 723 1754 Graeci
748 1697 941 1769 ἐνθυμήματα,
969 1695 1283 1768 1πιχειρήμαια,ἀπο-,

190 1783 421 1849 ceremoniam,
443 1797 608 1856 quanquam
629 1777 710 1856 apud
728 1777 792 1835 illos
813 1788 856 1834 est
876 1778 976 1856 aliqua
998 1775 1102 1832 trorum
1125 1779 1268 1833 nontinnrn

192 1858 382 1937 differentia,
405 1861 523 1915 etiarnsi
544 1861 584 1916 ais
604 1859 705 1916 eodem
727 1857 828 1916 tendit.
858 1856 885 1938 ξ.
909 1862 954 1915 11.
976 1892 1014 1903 -
1056 1856 1269 1929 Argumentum

190 1939 266 2020 (est)
288 1943 366 1996 ratio
391 1939 592 2017 probationem
620 1949 795 2018 praestans,
824 1959 883 2020 qzra
912 1939 1059 2010 colligitur
1087 1939 1203 2019 aliquid
1218 1957 1269 2019 per

190 2021 289 2091 uliud,
321 2030 350 2077 et
370 2040 464 2099 quae,
491 2020 567 2102 qrrod
587 2031 630 2079 est
658 2021 793 2092 dulium,
820 2014 877 2099 per
902 2019 951 2093 id,
976 2019 1054 2100 quad
1075 2019 1196 2078 dnlrinrn
1216 2040 1267 2078 non

190 2111 249 2173 est,
280 2099 444 2179 corfirruat.
491 2102 561 2159 Ern.
591 2103 658 2160 Lex.
686 2101 783 2161 techn.
814 2103 876 2160 Lat.
898 2124 920 2160 s.
942 2122 969 2159 v.
994 2134 1032 2144 -ν
1073 2102 1267 2173 Argumenta·

170 2205 255 2253 ,rum
274 2182 388 2256 gradus
407 2180 437 2260 (a
459 2181 538 2261 Lips.
556 2193 585 2240 et
607 2204 687 2261 seqq.
709 2194 816 2261 recept.
835 2203 893 2262 pro
914 2201 1024 2256 genera
1044 2182 1072 2238 in
1096 2180 1192 2241 Cocta.
1207 2174 1272 2240 Par.⁴

189 2263 277 2321 Vind.
300 2275 369 2321 vett.
392 2263 463 2320 Edd.
492 2264 523 2321 it.
545 2264 659 2321 Dronk.
684 2263 809 2342 Osann.)
843 2263 889 2322 vel
912 2285 1013 2321 cursus
1035 2256 1094 2341 (cl.x
1109 2258 1184 2322 Diat.
1207 2259 1266 2339 20.)

187 2356 223 2403 nt
244 2343 366 2423 explicat
389 2342 499 2415 Orell.‚
534 2342 697 2415 exsistunt',
728 2368 816 2424 quum
848 2345 974 2404 crariis
997 2343 1163 2403 rhetoricae
1185 2364 1267 2424 prae·
1297 2380 1301 2385 ·

188 2424 372 2505 ceptionibus
394 2426 571 2505 argumentis
597 2426 758 2485 levioribus
788 2426 859 2485 scite
886 2426 1048 2485 ‘succedunt
1067 2425 1207 2507 graviora
1224 2436 1266 2484 at·

187 2528 245 2589 que
268 2506 298 2564 in
318 2506 448 2564 omnium
469 2506 642 2587 gravissimo
666 2508 824 2567 desinimus
846 2506 1050 2588 argtnncntari.
1078 2524 1082 2531 ‘
1164 2515 1169 2537 ¹

270 2615 299 2662 et
328 2603 466 2685 quicquid
494 2605 578 2662 alind
604 2606 780 2665 aridissimis
804 2593 955 2681 -ti'trtst
1001 2603 1090 2662 Aridi
1118 2602 1264 2684 (inqui-

183 2689 276 2744 ieiuni
294 2721 331 2732 -
349 2683 433 2764 sirei)
454 2685 523 2742 libri
545 2686 693 2759 dicuntur,
714 2687 762 2765 qni
776 2687 847 2744 nihil
862 2686 918 2744 nisi
937 2685 1013 2743 nuda
1029 2699 1184 2765 praccepta
1197 2707 1265 2746 cou-

184 2766 298 2839 tinent‚
322 2766 428 2844 quique
450 2765 529 2825 omni
551 2768 691 2825 orationis
711 2768 807 2826 nitorc
823 2766 954 2825 destituti
977 2767 1117 2825 lectorem
1136 2788 1200 2826 non
1216 2766 1265 2827 de-

186 2845 303 2904 lectant.
346 2845 406 2905 Cic.
429 2847 464 2905 de
488 2847 569 2905 Orat.
591 2851 625 2905 ΙΙ.
649 2854 698 2920 38,
724 2855 789 2907 159.
826 2849 924 2907 Genus
939 2852 1080 2907 sermonis
1102 2847 1195 2926 affert
1211 2870 1265 2908 nan

185 2928 338 3008 liquidum,
360 2950 416 2986 nou
449 2951 530 2987 nsum
553 2949 590 2987 ao
608 2931 768 3010 profluens,
790 2929 844 2987 sed
864 2931 949 3000 erile,
971 2928 1100 3003 aridum,
1122 2934 1264 2998 conrisum

186 3029 224 3067 aa
246 3013 396 3068 minutum.
447 3010 551 3082 Quint.
570 3012 605 3080 ΙΙ,
627 3013 657 3083 4,
676 3017 703 3070 3.
723 3011 812 3069 arida
832 3015 976 3071 narratio.
1000 3012 1047 3083 ΙΙΙ,
1072 3015 1146 3083 1,3.
1167 3015 1264 3069 ieiuna

183 3091 383 3170 atque'arida
406 3091 538 3149 traditio.
577 3092 768 3151 Transfertur
794 3092 897 3151 arirlus
925 3091 959 3150 ad
989 3103 1125 3169 oratores,
1146 3110 1263 3173 qnoque

183 3173 248 3245 ΧΙΙ,
273 3178 321 3242 10,
348 3179 392 3231 13.
420 3172 474 3229 Itle
494 3183 594 3231 tamen
616 3171 763 3252 (Cicero),
786 3177 837 3254 qui
857 3177 969 3232 ieiunus
989 3166 1200 3254 aqrrilrusdam
1217 3182 1263 3231 at·

182 3275 235 3334 que
260 3254 362 3312 aridus
383 3253 564 3326 tradebatur,
594 3276 649 3313 non
678 3257 767 3313 aliter
797 3255 834 3311 reb
863 3259 933 3335 ipsis
955 3257 1081 3312 inimicis
1109 3256 1189 3315 rnale
1204 3275 1262 3321 ,art-

183 3333 247 3391 dire
268 3354 356 3415 qnam
377 3337 475 3392 nimiis
486 3335 616 3415 floribus
637 3344 666 3393 et
686 3339 796 3409 ingenii
814 3332 969 3418 affluentia
988 3330 1090 3417 patuit.
1270 3356 1279 3364 ·

185 3462 190 3472 κ
274 3435 496 3516 Hermagorae]
524 3439 624 3513 Quum
654 3438 712 3513 duo
739 3439 851 3498 suerint
879 3439 1089 3513 Hermagorae
1113 3439 1261 3512 rhetores,

182 3513 233 3596 qui
255 3515 400 3574 librorum
420 3517 637 3577 rhetoricorum
659 3522 817 3600 scriptores
839 3523 968 3594 Itomae,
996 3521 1122 3581 diversis
1145 3520 1262 3598 quidem

180 3597 383 3679 temporibus,¹
397 3598 543 3671 vixerunt,
567 3600 683 3659 nomina
703 3624 805 3661 eorum
827 3613 927 3660 avett.
949 3602 1061 3680 seriptt.
1080 3624 1142 3661 non
1163 3599 1260 3659 ubivis

180 3692 312 3737 accurrate
328 3679 463 3738 distincta
479 3681 592 3759 saepius
611 3682 820 3742 dubitationem
836 3687 900 3739 VV.
913 3685 978 3742 DD.
1001 3683 1174 3756 attulcrunt‚
1194 3693 1261 3741 uter

180 3760 219 3829 sit
247 3761 472 3840 intelligendus,
504 3774 538 3818 ut
566 3763 652 3826 tum
682 3765 716 3820 ad
746 3766 773 3823 h.
796 3764 816 3823 Ι.
858 3764 927 3822 Fuit
956 3764 1032 3823 enim
1063 3766 1259 3843 Hermagoras

179 3860 195 3899 a
215 3842 281 3899 Tac.
304 3841 434 3899 laudatus
452 3844 583 3914 Τειηηο,
605 3844 736 3902 Aeolidis
758 3845 787 3903 in
804 3846 874 3905 Asia
888 3845 961 3904 urbe
977 3845 1139 3919 oriundus,
1160 3846 1260 3905 'l‘lreo-

180 3921 247 3979 dori
269 3922 414 3981 Gadarcni
432 3922 610 4000 discipulus,
633 3922 741 3982 Carion
765 3927 878 4000 dictus,
901 3927 952 4005 qui
973 3927 1027 3986 snb
1043 3927 1184 4009 Angusto
1199 3929 1259 3985 Ro-

181 4021 244 4060 mae
273 4023 337 4060 cnm
358 4014 547 4082 praeceptore
569 4016 597 4060 et
618 4004 802 4083 Apollodoro
823 4009 896 4067 vixit
920 4008 1018 4089 ibique
1037 4021 1129 4074 aetate
1152 4028 1260 4088 prove·

180 4082 258 4142 ctior
277 4094 412 4143 mortuus
435 4091 506 4141 cst.'¹
535 4084 640 4145 Libros
666 4086 727 4146 eius
757 4101 965 4149 commemorat
986 4090 1090 4149 suidas
1113 4113 1136 4149 s.
1159 4092 1261 4167 ‘Eppu-

178 4167 384 4253 yiqmquos
407 4166 570 4226 Westerm.
594 4166 631 4226 G.
653 4169 680 4229 d.
701 4191 744 4253 gr.
764 4171 831 4232 Ber.
851 4171 879 4253 §.
903 4177 952 4231 83.
977 4175 1024 4232 11.
1061 4173 1260 4255 Hermagorae
