2634 4656
90 300 96 317 ‘
185 295 248 357 116
510 295 668 376 Dialogus
690 270 728 354 de
753 280 937 377 Oratoribus
1006 386 1012 394 ι

184 449 236 544 gis
262 434 488 520 midmentur?
525 446 613 520 Satis
639 465 768 520 constat
794 476 857 520 nec
874 446 1025 549 Ciceroni
1045 436 1182 544 quidem
1203 442 1266 513 ob·
1303 482 1306 487 ,

183 564 374 621 trectutoros
395 546 560 634 defuisse,
588 547 711 646 quibus
737 545 870 619 inflatus
893 563 923 619 et
948 546 1078 618 tussiens
1104 570 1168 615 nec
1185 543 1266 615 sotis

182 740 210 799 p.
223 719 260 796 ¹X
280 739 323 796 sq.
345 717 519 776 'Westerm
542 717 579 777 G.
604 715 630 775 d.
653 739 677 774 r.
696 716 730 775 B.
752 715 779 798 ᾖ.
800 720 849 776 21.
878 715 992 797 Meyer.
1014 713 1115 796 fragm.
1136 735 1166 792 p.
1187 715 1203 771 1
1222 732 1263 789 sq.

182 798 323 860 Ceterum
347 798 375 855 h.
397 796 414 856 l.
437 797 565 858 illustrat
585 798 687 857 Senes.
706 799 782 878 app.
807 800 872 858 114.
913 798 1004 856 lllnlti
1021 817 1060 855 ea·
1081 796 1180 853 aliano
1197 814 1264 871 sae-

180 884 244 941 cula
262 889 364 961 petunt
387 881 489 951 rerba,
519 879 668 938 duodecim
691 882 809 958 talmlas
830 881 1001 956 loquuntur,·
1033 876 1192 956 Graecinus
1208 874 1264 932 illis
1301 884 1304 889 '

83 1018 85 1022 .
180 975 210 1022 et
232 962 356 1020 Crassus
376 970 405 1018 et
426 959 513 1020 Curio
542 963 627 1019 nimis
654 962 724 1020 culti
748 974 777 1022 et
803 972 930 1020 recentes
951 971 1033 1033 sant,
1067 958 1111 1026 ad
1135 956 1262 1039 Appium
1288 1030 1294 1043 ἱ

180 1064 268 1126 usque
283 1052 318 1101 et
337 1042 380 1100 ad
396 1041 610 1100 Coruncanium
632 1042 790 1103 redeunt·
1041 1041 1044 1047 '

263 1125 346 1182 Satis
366 1133 478 1183 canstat
504 1143 555 1182 nee
584 1122 716 1183 Ciceroni
742 1123 857 1204 atridem
877 1123 1090 1182 obtrectatores
1118 1116 1262 1259 defuissei

179 1208 239 1266 Pro
261 1225 314 1264 neo
330 1239 368 1251 -
385 1205 500 1286 animm
521 1203 551 1262 in
569 1201 661 1263 Codd.
684 1207 769 1264 Fara.
791 1204 882 1286 (teste
897 1204 1069 1284 Schluuig.)
1090 1203 1156 1262 Par.
1176 1200 1234 1259 Vin
1254 1245 1261 1259 .

104 1308 106 1315 ·
181 1299 210 1347 et
237 1287 310 1346 aad.
337 1307 432 1364 usque
460 1285 495 1344 ad
522 1287 594 1344 Erm
623 1286 854 1345 emendationem
883 1308 898 1345 a
922 1286 1057 1344 Gronov.
1087 1285 1119 1342 in
1149 1293 1261 1342 onnott.

180 1367 408 1429 commendatam
435 1389 471 1424 ne
496 1401 527 1412 ·-
553 1366 666 1449 quidem
689 1365 779 1449 (Cnd.
797 1368 882 1426 Farn.
908 1378 985 1426 teste
1008 1363 1183 1443 Schrautio)
1216 1384 1262 1423 re·

181 1450 410 1531 ceperuntAErn.
432 1449 515 1507 Brot.
535 1460 657 1508 recenti.
679 1460 795 1529 praeter
815 1448 927 1507 Dronk.
946 1449 1056 1509 Osann.
1081 1449 1160 1527 Rup.
1175 1444 1261 1505 Bsrh.

180 1532 217 1591 ci.
238 1541 337 1590 annot.
358 1530 459 1610 adep.
482 1535 528 1589 10.
552 1563 588 1575 -
631 1531 701 1590 Non
729 1530 857 1590 defuisse
884 1528 1022 1590 Ciceroni
1048 1528 1271 1588 obtrectatores,

179 1611 352 1673 testimonio
374 1612 443 1670 simt
464 1610 616 1671 Ciceronis
644 1611 736 1691 ipsius
758 1611 941 1691 aliorumque
967 1622 1038 1670 vett.
1059 1609 1175 1690 scripu.
1198 1607 1262 1667 loci.

181 1693 243 1754 Cic.
265 1695 353 1752 Tusc.
378 1695 414 1767 ΙΙ,
440 1697 467 1766 1,
488 1698 514 1752 3.
539 1694 575 1752 de
601 1705 660 1773 opt.
681 1714 810 1775 gomor.
831 1697 861 1766 4,
886 1698 931 1752 11.
952 1692 1055 1767 Quint.
1076 1694 1144 1767 ΧΗ,
1168 1698 1198 1765 1,
1215 1696 1261 1769 22.

182 1776 312 1834 Trameo
336 1776 420 1846 illas,
456 1778 505 1856 qui
531 1775 663 1834 Ciceroni
689 1795 727 1834 aa
755 1775 949 1835 Demostheni
972 1796 1011 1837 ue
1036 1777 1067 1832 in
1097 1775 1261 1855 eloquentia

180 1859 295 1940 quidem
309 1860 384 1915 satis
400 1856 547 1916 tribuunt:
568 1878 734 1939 quanquam
751 1877 841 1938 neque
860 1861 918 1937 ipsi
937 1855 1072 1915 Ciceroni
1085 1855 1261 1915 llenmstlre-

179 1961 231 1998 nes
253 1938 387 1997 rideatur
407 1941 481 1997 satis
504 1958 566 1995 esse
588 1939 749 2017 periectas,
783 1960 865 2020 qrcem
894 1938 1057 1996 dormitare
1078 1940 1198 1995 interim
1217 1935 1261 1993 di-

180 2024 235 2089 eit‚·
271 2042 322 2078 uec
343 2018 441 2077 Cicera
462 2020 554 2077 Bruto
577 2020 739 2100 Caluoque,
765 2024 816 2102 qai
834 2029 910 2079 corte
930 2023 1165 2100 compositionem
1187 2018 1262 2076 illins

181 2105 272 2167 etiam
294 2101 375 2180 apud
395 2103 488 2180 ipsum
507 2101 735 2180 repreliendunt;
766 2122 816 2160 uec
835 2101 938 2160 Asinio
960 2104 1091 2182 utrique,
1122 2104 1175 2183 qui
1194 2101 1262 2157 uitia

182 2187 324 2243 orationis
344 2186 405 2240 eius
427 2185 517 2239 etiam
539 2185 651 2239 inimice
668 2183 801 2260 pluribus
822 2184 889 2242 lotis
904 2193 1125 2263 persequuntur.
1149 2180 1191 2240 lb.
1215 2186 1261 2253 10,

183 2271 222 2325 12
237 2268 331 2323 -14.
361 2263 439 2321 unde
462 2261 531 2320 haec
552 2263 699 2342 exscripsi.
743 2263 838 2342 Quem
858 2272 957 2323 tamen
978 2274 1007 2322 et
1026 2286 1146 2325 snorum
1168 2263 1261 2321 leomi-

182 2367 233 2406 nes
261 2356 421 2425 ternporum
450 2349 590 2417 incessere
618 2345 767 2402 andelraut
789 2356 821 2404 ut
849 2346 1035 2405 tumidiorem
1064 2355 1093 2403 et
1117 2345 1261 2403 Asianum

184 2439 213 2487 et
237 2427 447 2485 redundantem
469 2438 496 2487 et
518 2428 735 2506 repetitionibus
751 2431 871 2485 ninn‘am
886 2438 915 2484 et
930 2431 960 2484 ia
974 2427 1086 2486 salilrus
1102 2418 1260 2508 aliqnando
1310 2432 1314 2445 '

174 2509 322 2590 frigidum
352 2519 381 2566 et
408 2513 437 2566 iu
465 2512 669 2587 compositione
692 2507 842 2584 fractam,
875 2510 1070 2575 exsultantem
1095 2529 1132 2567 ao
1156 2526 1261 2587 paene,

183 2592 259 2674 qnod
276 2591 371 2663 absit,
395 2595 454 2649 uiro
470 2592 637 2648 molliorem.
677 2590 789 2650 Postea
804 2613 870 2648 rero
888 2612 976 2669 arram
994 2592 1176 2649 triumuirali
1192 2610 1261 2671 pro·

119 2729 122 2736 ,
183 2677 337 2752 scriptione
359 2684 543 2750 crrrrsumptas
564 2684 623 2739 est,
651 2676 762 2750 passim
784 2676 834 2753 qrci
852 2672 992 2743 oderant,
1015 2677 1066 2754 qni
1084 2671 1261 2743 inridebant,

183 2758 234 2834 arri
260 2754 502 2823 aemulabantur,
529 2753 698 2810 adulatores
726 2758 816 2811 etiam
841 2758 1006 2832 praesentis
1031 2757 1185 2833 potentiae
1207 2772 1262 2810 nan

167 2824 390 2914 'responsurum
411 2836 584 2889 irmaserunt.
626 2834 680 2892 Ille
701 2847 815 2907 tamen,
845 2839 896 2915 qni
915 2839 1027 2894 ieiunus
1045 2857 1067 2893 a
1089 2834 1262 2914 qrcilusdam

186 2925 274 2995 atque
296 2914 398 2972 aridus
419 2914 598 2986 lralrelratur,
626 2937 680 2974 nou
707 2919 795 2975 aliter
815 2919 853 2975 alr
874 2921 944 2997 ipsis
964 2920 1087 2976 irn'ruicis
1108 2917 1188 2975 rurale
1209 2936 1261 2975 au-

182 2997 251 3078 dire
270 3017 358 3077 quam
378 2999 475 3053 nimiis
486 2996 613 3077 floribus
633 3009 661 3056 et
684 3003 793 3072 ingenii
808 2998 964 3079 afficientia
982 2988 1087 3078 deterit.
1103 3033 1144 3041 -—
1165 2997 1261 3057 Prae-

102 3131 104 3136 .
186 3082 268 3158 cipere
289 3099 353 3136 aera
370 3088 538 3158 presserunt
559 3099 639 3147 eurrr,
663 3084 714 3159 (μα’
733 3081 825 3137 rideri
836 3080 998 3141 Atticarum
1014 3083 1181 3138 imitatores
1194 3100 1261 3137 cou-

187 3164 346 3239 cupieraut.
377 3159 416 3219 lb.
441 3161 491 3228 lX,
514 3162 544 3231 4,
570 3165 595 3217 1.
617 3159 685 3238 ibin.
708 3161 814 3241 Spald·
845 3162 965 3219 Asinius
987 3160 1094 3234 Pollio,
1117 3159 1263 3223 cheresto·-

188 3252 239 3299 tor
258 3240 380 3298 aliorum
403 3260 520 3316 cirroque
540 3240 716 3319 scriptorum
741 3254 773 3299 nt
796 3239 937 3313 Caesaris)
958 3243 1115 3300 acerrimus
1138 3240 1196 3299 luit
1213 3236 1262 3301 Ci-

191 3321 306 3396 ceronis
329 3321 375 3378 vd.
397 3322 509 3401 Meyer.
530 3321 630 3401 fragm.
652 3335 785 3402 oration.
807 3329 881 3381 211.
897 3322 1041 3382 schidiis.
1057 3320 1218 3382 Vorschul.
1240 3342 1263 3379 a.

191 3400 287 3463 Cicer.
307 3424 334 3479 p.
358 3404 424 3461 244.
460 3402 553 3460 llsrul.
582 3402 687 3461 Lehrlr.
710 3404 736 3460 d.
758 3407 818 3462 lat..
839 3404 910 3463 scits
931 3428 959 3484 p.
982 3411 1030 3462 58.
1051 3404 1104 3462 Ed.
1127 3406 1164 3462 l.:
1194 3402 1261 3463 item

192 3483 254 3543 eius
276 3481 352 3540 filius
373 3481 494 3540 Asinius
516 3475 634 3555 Gallus,
664 3497 765 3543 orator
786 3485 897 3559 clarus,
927 3497 1028 3544 contra
1057 3486 1140 3544 cuius
1170 3484 1261 3544 libros

192 3566 463 3644 decomperatiane
487 3569 586 3643 patris
614 3576 643 3622 et
665 3566 809 3625 Ciceronis
831 3565 969 3626 Claudius
999 3570 1160 3646 imperator
1180 3563 1264 3627 Cice-

192 3647 274 3706 ronis
295 3644 494 3704 defensionem
516 3646 583 3704 satis
606 3647 746 3705 eruditam
768 3649 934 3728 composuit
956 3649 1001 3706 vd.
1024 3649 1148 3707 Sueten.
1163 3645 1264 3707 Clarul.

193 3730 242 3788 41.
264 3726 338 3786 Plin.
361 3727 435 3806 Epp.
458 3729 522 3799 Vll,
545 3731 575 3800 4,
598 3730 625 3786 4.
655 3727 722 3806 iniq.
747 3730 828 3787 Gier.
869 3732 989 3788 Praeter
1017 3727 1096 3788 hunc
1117 3728 1181 3788 eins
1211 3726 1264 3786 ob·

193 3818 335 3866 trectator
353 3807 409 3865 snit
433 3809 562 3880 Largius
581 3808 729 3882 Licinius,
760 3811 842 3869 cuius
872 3811 946 3870 liber
967 3810 1183 3885 Ciceromastix
1204 3808 1263 3869 ser-

179 3896 245 3947 'tur
261 3910 287 3946 v.
305 3887 382 3946 Gell.
396 3889 432 3946 N.
448 3888 484 3946 A.
500 3890 595 3960 xvtt.
611 3893 636 3945 1.
676 3891 752 3947 Tum
768 3891 861 3968 Rectus
883 3892 997 3971 quidum
1017 3913 1060 3970 op.
1083 3894 1182 3951 laven.
1199 3892 1263 3962 Vll,

193 3974 253 4028 213
267 3979 296 4025 et
312 3972 357 4027 14.
388 3968 449 4025 Sed
461 3967 570 4044 llufurn
592 3979 681 4050 atque
702 3974 776 4030 alios
791 3975 960 4032 raedit'sna
980 3994 1108 4053 (seraeque
1123 3976 1263 4043 iuuentus,

181 4041 322 4126 Hirtium,
349 4052 399 4129 qui
426 4053 513 4109 toties
541 4051 706 4111 Ciceronem
734 4053 896 4127 Allobroga
924 4055 1010 4111 dicit.
1037 4053 1105 4132 ibiq.
1135 4055 1213 4134 Rup.
1235 4063 1265 4113 et

193 4129 296 4191 lleinr.
325 4130 398 4186 Add.
420 4130 562 4190 cissimisn.
585 4131 712 4191 Marcell.
732 4136 823 4208 xxll,
848 4142 892 4194 16.
919 4137 954 4194 de
974 4135 1101 4216 llidymo
1123 4134 1264 4193 Clralcru·

192 4223 276 4274 tera:
303 4214 400 4293 quiin
420 4212 478 4270 illis
498 4234 551 4272 sea·
572 4213 654 4273 libris
661 4258 676 4307 ,ι
699 4215 749 4303 ulti
777 4237 984 4297 norrnunquam
1003 4214 1174 4295 irnperfhc'te
1197 4214 1265 4275 Ynl-
