2634 4656
547 279 626 366 cap.
655 280 785 344 xlta.
906 250 910 256 ’
988 359 990 362 ,
1142 290 1204 349 tta

118 459 198 521 sus,
225 432 274 506 sic
299 450 443 533 utroque
465 432 652 506 distinctior
667 448 698 505 et
718 431 882 505 urbanior
904 452 935 508 et
960 435 1057 508 altior
1075 436 1203 528 Cicero,

118 609 163 658 est
187 601 235 660 laic
256 608 375 677 orator,
396 603 504 674 Brute,
525 606 554 661 si
570 605 720 685 quisquam
741 603 828 675 alius,
848 606 996 663 iuuentuti.
1038 604 1104 664 Nem
1125 610 1199 664 enim

116 683 211 742 solum
237 703 360 755 acuere,
388 685 551 743 sedetiam
574 687 655 743 alere
674 687 819 758 ingenium
837 696 942 766 potest.
966 722 1004 734 -·-
1055 684 1100 745 Cf.
1122 688 1199 746 l‘lut.

116 762 240 905 Βὴλ
261 764 538 926 (ἓνεέἓίι.θ,Ε,Ι,ΙδηάΙ.
567 765 703 847 Prolegg.
730 787 758 845 p.
781 767 878 825 xxxt
899 791 942 848 sq.
971 768 1136 827 Westcrm.
1161 769 1198 828 G.

200 934 322 1014 politior
342 945 370 993 et
392 934 541 1016 ornatior]
578 933 639 995 Cic.
659 959 703 1017 pr.
726 934 802 997 Cael.
824 936 859 994 3>
882 939 948 995 laus
968 940 1090 1010 ingenii,
1121 938 1202 1018 quod

117 1010 225 1073 ornate
242 1018 386 1098 politeque
405 1021 555 1098 scripsisti.
586 1017 660 1076 Plin.
681 1021 754 1098 Epp.
777 1020 800 1093 Ι,
827 1025 874 1091 16,
897 1025 924 1077 2.
964 1010 1076 1076 Auctio?
1093 1040 1208 1079 causas-

117 1107 257 1170 agentern
286 1102 395 1157 aeriter
421 1109 449 1156 et
478 1099 618 1158 ardenter
632 1120 695 1172 ⁴nee
716 1104 810 1160 minus
834 1102 924 1183 polite
945 1109 974 1158 et
995 1110 1099 1159 oritate
1125 1100 1197 1181 ,ibiq.

119 1177 204 1237 Gier.
224 1176 295 1236 Ern.
318 1181 386 1238 Lex.
408 1179 505 1239 techn.
528 1181 590 1251 Lat.
613 1202 636 1239 s.
659 1203 706 1242 vv.

201 1258 343 1346 Crassus]
380 1261 455 1320 Dial.
476 1267 523 1320 26.
546 1264 594 1321 34.
615 1267 663 1320 35.
697 1263 731 1320 L.
760 1262 891 1322 Licinius
920 1262 1045 1322 Crassus
1074 1262 1148 1344 (nat.
1172 1286 1197 1324 a.

118 1341 188 1400 614.
209 1352 298 1399 mort.
320 1347 386 1402 663.
411 1344 447 1400 U.
469 1340 519 1422 C.)
546 1342 601 1401 iant
622 1364 699 1402 anno
720 1344 820 1402 aetatis
842 1343 981 1402 vicesimo
1003 1345 1097 1423 primo
1119 1343 1197 1426 (non

117 1421 308 1480 nonadecima
327 1422 402 1482 Dial.
424 1421 488 1504 34.)
510 1428 577 1482 635.
599 1426 637 1481 U.
660 1422 693 1483 C.
748 1422 781 1484 C.
807 1423 970 1484 Carbonem
1008 1424 1070 1505 (ud.
1092 1424 1195 1507 supra)

117 1503 376 1577 accusavit,'636.
398 1503 491 1601 legem
520 1504 589 1564 tulit
615 1505 650 1564 de
673 1505 787 1564 colonia
808 1505 993 1565 Narbonensi
1016 1507 1195 1581 deducenda,

116 1596 150 1642 ut
177 1584 458 1665 causae'popularrs
484 1586 591 1664 aliquid
618 1587 783 1667 attingeret.
829 1589 860 1645 ln
891 1609 974 1646 causa
995 1608 1051 1668 pro
1075 1588 1194 1664 Licinia,

116 1665 233 1747 virgine
249 1666 377 1741 Vestali,
399 1679 460 1726 aeta
474 1671 541 1727 640.
562 1667 819 1746 eloquentissimus
839 1667 903 1725 fuit.
947 1669 1112 1742 Quaestura
1126 1674 1194 1728 645.

117 1744 195 1828 (nou
225 1750 294 1806 643.
319 1748 367 1821 nd.
395 1749 506 1830 Meyer.
535 1749 569 1807 ad
591 1749 650 1808 Cic.
678 1750 762 1808 Brut.
786 1755 836 1823 36,
861 1748 942 1826 138.)
972 1761 1002 1807 et
1027 1750 1193 1808 tribunatus
1291 1764 1293 1769 '

118 1829 179 1888 eius
203 1833 273 1888 647.
293 1829 374 1888 taciti
394 1848 438 1888 ma
461 1830 579 1889 istratus
600 1831 728 1889 suerunt.
770 1831 876 1909 Legem
893 1830 1044 1890 Serviliam
1061 1832 1096 1889 de
1116 1833 1202 1889 iudi-¹

118 1910 168 1969 ciis
191 1909 227 1969 ab
249 1911 397 1988 equitibus
419 1852 458 1970 ad
483 1909 614 1970 senatuni
636 1912 846 1970 transferendis
872 1912 963 1970 suasit
984 1916 1051 1973 648.
1101 1913 1192 1970 Aeti-

117 1991 197 2050 litate
216 1997 307 2064 651,
330 2004 463 2072 praetura
482 1999 548 2051 655.
572 2005 601 2051 et
621 1992 774 2052 consulatu
790 1998 856 2052 659.
878 2015 935 2051 una
956 2015 1020 2051 curu
1038 1995 1075 2067 Q.
1093 1994 1204 2053 Mucio-

117 2072 258 2132 Scaerola
278 2073 334 2132 sibi
354 2073 575 2139 familiarissimo
599 2068 716 2133 functus
738 2087 801 2148 est,
832 2074 861 2132 in
886 2095 945 2152 quo
972 2096 1028 2154 pro
1058 2079 1095 2149 Q.
1119 2075 1192 2134 Cae·
1242 2136 1246 2143 ,

112 2155 205 2235 piane
225 2154 299 2212 dixit
320 2167 349 2213 et
370 2177 435 2217 cum
457 2154 573 2234 collega
585 2155 677 2237 legem
694 2156 830 2215 Liciniam
852 2156 976 2214 Muciam
995 2156 1063 2237 tulit
1085 2158 1120 2215 de
1140 2178 1192 2214 so-

117 2237 167 2296 ciis
190 2235 221 2293 in
246 2257 297 2294 sua
318 2236 434 2307 civitate
449 2237 602 2318 regendis,
632 2256 688 2315 qua
711 2238 816 2315 bellurn
838 2238 944 2296 sociale
965 2237 1118 2297 excitatum
1138 2251 1191 2297 est.

116 2319 296 2376 Incensura
321 2324 388 2376 662.
418 2331 519 2377 contra
551 2317 691 2398 collegam
719 2317 773 2378 Cn.
804 2319 984 2391 Domitium,
1014 2340 1139 2397 quocum
1164 2320 1200 2378 ei¹

116 2398 263 2458 discordia
287 2397 360 2471 suit,
388 2399 549 2457 orationem
582 2399 689 2457 babuit.
730 2400 865 2478 Denique
891 2422 980 2476 qurum
1003 2407 1069 2458 663.
1101 2401 1191 2460 velte-

116 2479 297 2540 mentissinta
329 2480 576 2549 contentione,in
604 2481 635 2537 L.
665 2481 805 2539 Marcium
833 2480 997 2558 Philippum
1028 2481 1189 2555 consulem,

116 2561 265 2622 bominem
286 2562 471 2641 popularem,
493 2560 633 2633 dixisset,
656 2582 721 2619 cunt
743 2560 818 2619 febri
840 2561 956 2618 domum
975 2561 1063 2619 retliit
1085 2563 1188 2640 dicque

116 2644 242 2727 septimo
263 2638 360 2702 lateris
377 2643 479 2702 doloro
502 2655 693 2721 consumptus
715 2654 804 2703 estu
830 2640 888 2699 Cic.
901 2642 1028 2701 deOrat.
1050 2645 1097 2712 ΙΙΙ,
1119 2650 1145 2715 1,
1161 2652 1188 2708 2.

115 2726 229 2785 Famam
251 2723 338 2803 primi
367 2747 434 2783 snae
462 2726 561 2783 aetatis
590 2723 716 2782 oratoris
748 2735 776 2782 et
804 2722 920 2802 patroni
953 2723 1190 2802 iurisperitorum

114 2805 350 2886 eloquentissimi
370 2819 470 2865 nactus
492 2816 551 2878 est,
582 2827 666 2885 quem
688 2825 775 2863 nemo
795 2817 927 2862 veterum
950 2805 1105 2863 maioribus
1127 2806 1189 2862 lau-
1274 2822 1276 2830 ·

107 2888 199 2947 'dibus
222 2880 328 2946 extulit
348 2909 433 2965 quam
457 2885 575 2960 Cicero,
609 2888 743 2967 quicum
772 2886 802 2943 in
824 2885 906 2943 libris
927 2886 962 2944 de
985 2886 1111 2945 Oratore
1131 2903 1189 2947 u'na

114 2991 179 3029 cuna
202 2968 337 3027 Antonio
359 2988 514 3047 personant
536 2968 699 3048 primariam
720 2968 851 3025 induxit:
873 2967 908 3025 cf.
930 2969 1012 3024 Brut.
1035 2989 1077 3046 cp.
1100 2975 1185 3026 38-

113 3056 162 3112 44.
184 3063 215 3109 et
240 3056 312 3121 '53.,
340 3050 418 3108 unde
445 3071 488 3128 cp.
510 3057 559 3123 38,
584 3052 650 3108 143.
677 3061 789 3107 tantum
811 3048 1003 3127 transscripsi.
1047 3049 1187 3129 liquidem

114 3114 281 3213 quodquam
302 3131 431 3188 slrrtonio
451 3142 566 3188 tantum
587 3132 698 3202 tribuo,
721 3139 859 3211 prccantum
880 3150 970 3207 supra
993 3129 1066 3198 elini,
1089 3140 1188 3186 tartren

115 3214 223 3273 Crasso
243 3213 318 3270 nilril
336 3222 434 3270 statuo
446 3210 522 3289 fieri
532 3216 666 3292 ‚potirisse
685 3210 850 3290 perfectius.
894 3210 971 3266 lt'rat
985 3232 1100 3266 suntrna
1115 3231 1188 3283 gra-

114 3298 207 3366 vitas,
243 3303 311 3350 erat
339 3313 402 3352 cirin
432 3299 581 3366 genuitate
608 3290 722 3350 iunetu's
739 3291 925 3368 facetiarum
954 3300 981 3347 et
1012 3292 1190 3348 urbanitatis

114 3378 282 3446 oratorius,
304 3396 360 3433 non
379 3376 509 3433 scurrilis
528 3376 617 3452 lepos,
638 3373 745 3430 Latine
765 3371 900 3452 loquendi
915 3371 1057 3429 occulata
1079 3383 1108 3429 et
1126 3377 1189 3429 sine

112 3459 249 3521 molestia
264 3456 387 3528 diligens
401 3456 567 3528 elegantia,
587 3458 616 3532 in
631 3453 798 3530 disserendo
818 3455 896 3509 mira
916 3453 1083 3531 euplieatio,
1103 3475 1189 3533 quum

113 3539 148 3597 cle
170 3542 236 3596 iure
259 3539 352 3607 cirili,
377 3558 463 3617 qurum
484 3537 519 3594 de
540 3549 634 3616 aequo
655 3545 684 3593 et
703 3535 774 3617 bona
796 3533 1012 3611 disputaretur,
1033 3553 1189 3606 argumen-

112 3630 211 3679 torum
232 3628 261 3676 et
281 3617 500 3675 similitudinum
522 3622 612 3695 copia.
654 3614 716 3673 Sub
738 3613 912 3672 Caesaribus¹
931 3613 1069 3672 memoria
1091 3611 1190 3672 Crassi

112 3700 240 3761 evanuit.
280 3696 325 3757 Cf.
345 3697 471 3756 Ellendt.
491 3698 628 3777 Prolegg.
648 3719 675 3775 p.
696 3695 1002 3770 vattt-Lxxtt
1024 3696 1188 3750 Westerm.

113 3783 149 3842 G.
180 3782 208 3840 d.
236 3772 264 3838 ri
282 3780 316 3836 B.
342 3778 370 3860 §
392 3784 535 3838 494-51.
570 3780 683 3860 Meyer.
712 3775 813 3853 fragm.
842 3794 858 3834 e
887 3775 949 3831 xtl.
977 3785 1062 3832 oratt.
1091 3772 1191 3833 Crassi

110 3886 138 3944 p,
159 3866 219 3923 146
230 3896 269 3904 -
281 3865 346 3919 157.
369 3859 494 3939 collegit.

194 3944 362 4002 distinctior
382 3952 410 3998 et
430 3938 586 4020 urbanior]
609 3939 713 4014 Quint.
730 3938 794 4008 Xll,
819 3942 866 4008 ΙΟ,
881 3941 929 3996 39.
951 3933 1056 3993 Annon
1078 3939 1107 3992 in
1126 3939 1191 4015 pri-

112 4028 187 4085 oatis
208 4034 238 4082 et
259 4034 365 4080 acutus
387 4032 416 4079 et
435 4044 491 4080 non
512 4043 599 4101 asper
622 4032 650 4079 et
676 4041 733 4077 uon
760 4017 944 4075 indistinctus
967 4025 996 4074 et
1023 4038 1078 4074 non
1094 4037 1198 4098 ,supra

111 4107 231 4175 modum
252 4106 348 4162 elatus
367 4105 409 4161 tt.
434 4101 567 4166 Tullius?
595 4101 663 4178 ibiq.
691 4101 860 4158 Buttrnaun.
883 4097 943 4158 Cic.
964 4099 1048 4156 Brut.
1074 4102 1122 4170 17,
1144 4100 1198 4161 695

113 4178 225 4255 Oritari
244 4188 407 4247 orationem
429 4184 538 4243 Graeci
561 4192 686 4265 putqtt,
717 4184 745 4239 si
769 4182 918 4240 uerborum
943 4179 1194 4239 intrnutationilrus

960 4274 983 4333 8
