2634 4656
537 277 614 361 Cap.
646 280 689 343 X.
1110 291 1153 350 65

69 423 237 525 requirit?
271 441 371 527 atque
401 429 500 505 adeo.
519 428 549 503 si
573 430 650 532 quis
675 426 835 532 requirit,
865 447 904 505 ut
931 433 1033 512 semel
1056 438 1151 532 vidit,

68 525 190 599 transit
212 543 246 601 ct
269 544 445 603 contentos
466 547 534 617 cst,
560 546 597 601 ut
622 528 652 603 si
671 530 836 630 picturam
851 530 997 632 aliquam
1012 537 1063 613 vel
1080 557 1151 615 sta·

67 639 161 701 taam
186 625 335 699 vidisses.
385 629 506 727 Neque,
524 627 613 701 huuc
639 656 750 703 meum
767 655 954 705 sermonem
972 635 1027 709 sic.
1041 638 1150 740 accipi

67 721 161 810 uolo,
188 740 346 824 tanquam
371 753 450 814 cos,
473 727 598 825 quibus
621 745 739 801 nutura
759 753 821 801 sua
846 732 1028 807 oratorium
1053 735 1149 834 inge-

65 820 161 893 nium
185 822 378 920 denegavit,
414 826 598 899 deterream
624 855 644 900 a
669 827 896 917 carminibm,
928 830 958 902 si
983 834 1086 906 modo
1111 836 1148 911 in

66 918 130 992 lrac
155 921 344 995 studiorum
369 943 464 1024 parte
483 924 650 1021 oblectare
675 925 779 998 otium
806 943 838 999 et
853 950 974 1001 nomen
1000 931 1148 1018 inserere

64 1037 211 1119 possunt
237 1020 352 1096 faniae.
410 1023 485 1120 Ego
507 1050 585 1096 vcro
611 1050 741 1097 omnem
767 1024 987 1125 eloquentiam
1014 1028 1148 1105 omnem

65 1122 133 1218 que
169 1119 241 1191 eius
266 1138 378 1220 partes
409 1149 521 1195 sacras
546 1139 578 1194 et
610 1121 814 1196 venerabiles
842 1141 924 1238 pato
950 1154 1013 1200 nec
1035 1129 1145 1205 solum

33 1300 38 1309 .
65 1216 268 1292 cothurnum
294 1228 439 1295 vestrum
469 1236 537 1295 aut
554 1219 680 1295 heroici
712 1222 869 1295 carminis
902 1251 1043 1317 sonum,
1082 1228 1147 1305 sed
1219 1256 1221 1261 ·

66 1382 363 1477 Tmolumteaari—
375 1389 492 1448 tributis
511 1386 597 1449 iubet.
617 1390 654 1465 lt,
676 1396 726 1477 ⁶⁰3
764 1388 868 1472 libya,
888 1388 1057 1474 Aethiopia,
1078 1398 1146 1456 Me-

64 1466 168 1551 disque
190 1478 219 1528 et
239 1467 342 1529 Persis
356 1470 491 1549 potitum.
513 1472 612 1546 lita.
641 1471 744 1530 addito
774 1480 806 1529 ut
830 1476 1024 1545 magistratus
1053 1475 1145 1538 Cala-

63 1549 148 1627 briae
168 1549 318 1641 Apulique
338 1560 367 1609 et
387 1552 534 1632 Campani
550 1573 689 1632 suprema
709 1570 831 1611 neunera
842 1551 1047 1629 fungerentur.

145 1646 181 1699 ai
199 1661 235 1700 ue
244 1642 325 1701 'adea
345 1639 389 1723 si]
410 1638 561 1723 Significat
575 1643 703 1715 etiamsi,
724 1638 784 1698 und
799 1660 887 1699 wenn
904 1641 981 1701 dcnn
995 1642 1078 1703 auch.
1094 1644 1143 1707 vd.

61 1720 159 1803 bland.
215 1720 315 1783 ursell.
345 1721 413 1781 Vol.
432 1724 453 1781 l.
483 1745 512 1802 p.
533 1728 601 1783 sot.
650 1721 703 1780 tis
731 1719 848 1800 particc.
876 1732 964 1803 atque
992 1725 1069 1785 adea
1098 1738 1146 1788 est
1228 1718 1234 1729 ⁸

61 1801 242 1886 corrigendi,
265 1800 313 1864 v'd.
333 1804 448 1885 Zumpt.
471 1804 506 1863 ad
527 1800 587 1862 Cic.
608 1802 694 1861 Verr.
715 1803 751 1875 ll,
775 1806 800 1861 1.

142 1902 176 1969 ut
194 1894 288 1952 semel
308 1882 396 1975 uidit]
424 1902 456 1951 ut
475 1911 530 1972 pro
552 1901 582 1951 et
603 1910 638 1949 ex
662 1887 774 1950 emend.
794 1886 905 1947 Acidal.
926 1910 942 1949 a
962 1888 1045 1951 mult.
1067 1893 1142 1955 Edd.

59 1985 214 2055 receptam
236 1982 290 2034 est.
329 1972 384 2032 Vd.
405 1973 479 2032 Plin.
503 1974 576 2053 Epp.
606 1973 641 2044 ll,
666 1976 693 2030 3.
734 1968 928 2052 Nunquamne
949 1973 1054 2048 legisti,
1077 1974 1142 2035 Ga.

59 2054 197 2117 ditonum
224 2055 369 2138 quendam
399 2054 459 2113 Titi
475 2055 554 2113 Liuii
577 2055 692 2111 nomine
717 2053 871 2133 gloriaque
901 2065 1076 2114 coniuratum
1101 2056 1146 2118 ad

60 2136 209 2199 oriendum
231 2157 296 2195 eum
318 2136 357 2194 ab
376 2138 478 2195 ultima
500 2145 649 2194 terrarum
669 2133 738 2192 urbe
760 2136 885 2213 venisse,
906 2138 1080 2217 statimque,
1109 2148 1142 2198 ut

60 2219 195 2292 viderat,
216 2218 338 2277 abisse?
362 2219 414 2293 Vl,
436 2223 484 2277 20.
526 2216 605 2286 Eitea
626 2218 742 2273 amicus
760 2216 914 2289 avuncuti,
942 2220 993 2297 qui
1010 2231 1142 2297 uenerat,

59 2310 93 2360 ut
106 2296 155 2359 r‘ne
171 2309 200 2358 et
214 2310 341 2358 matrem
356 2331 396 2343 -·
411 2297 504 2370 uidet,
526 2300 605 2356 illius
616 2299 813 2376 patientiam,
832 2300 1022 2356 securitatem
1043 2320 1141 2360 meam

60 2384 203 2462 commiti
222 2377 282 2441 Cic.
303 2380 396 2455 Brut.¹
407 2383 457 2452 89,
479 2384 549 2437 3⁰5.
591 2377 680 2437 Curia
701 2376 887 2452 -silebat,
910 2388 942 2436 ut
962 2389 1030 2438 erat
1049 2385 1144 2442 semel

58 2482 81 2523 a
95 2466 241 2523 cendone
260 2464 395 2520 uniuersa
415 2461 543 2521 relictus.

141 2562 176 2611 ut
193 2552 223 2609 si
238 2552 388 2629 picturam
407 2549 538 2630 aliquam
559 2546 605 2604 cel
622 2554 753 2602 statuam
775 2540 909 2623 uidisset]
932 2543 1028 2618 Quam
1050 2546 1138 2608 alieni

57 2632 172 2695 luerim
192 2629 318 2691 Romani
336 2629 372 2689 ab
392 2629 498 2708 artium
519 2625 658 2706 operibus
674 2646 741 2684 cum
765 2623 862 2683 studio
885 2645 917 2683 ac
938 2620 1046 2685 iudicio
1065 2646 1140 2689 eon·
1167 2639 1170 2643 ’

56 2712 276 2797 templandis-et
297 2730 381 2790 quam
402 2707 591 2771 mediocriter
612 2727 664 2767 eos
687 2705 758 2764 lraec
778 2705 986 2785 contemplatio
1008 2707 1139 2770 oblecta-

56 2798 136 2859 verit
161 2795 250 2854 docet
266 2791 427 2852 Bernhard.
456 2790 589 2852 Grundr.
609 2788 637 2848 d.
657 2791 744 2848 nom.
765 2786 822 2847 Lit.
841 2808 872 2868 p.
895 2792 941 2848 18.
962 2801 1063 2859 annot.
1088 2797 1138 2853 at.

56 2875 222 2963 Encyelup.
241 2874 269 2934 d,
288 2872 394 2934 Philol.
415 2895 444 2953 p.
464 2875 513 2932 4³.
624 2872 629 2879 '

144 2958 303 3039 Neque-
324 2952 482 3036 tanquam]
516 2949 591 3014 Plio.
618 2949 694 3032 Epp.
713 2948 750 3025 ll,
763 2952 799 3026 b.
844 2947 943 3032 Atque
977 2970 1032 3025 ego
1060 2954 1136 3014 baec

55 3046 102 3102 sic
123 3042 223 3120 accipi
243 3039 331 3110 oola,
345 3057 402 3094 nan
421 3044 562 3118 tanquam
585 3042 752 3091 assecutum
773 3052 820 3090 rne
840 3052 903 3090 esse
923 3033 1053 3092 credam.
1120 3096 1125 3105 ,
1208 3057 1211 3065 ·

61 3168 66 3175 .
139 3112 289 3181 oblectare
316 3121 406 3179 otium
436 3128 466 3176 et
492 3135 597 3175 nomen
623 3117 751 3172 inserere
770 3122 892 3193 possunt
902 3109 1029 3194 samue]
1067 3114 1135 3176 Tac.

53 3202 136 3271 Anu.
165 3202 231 3275 Xll,
260 3202 310 3261 49.
348 3220 436 3280 quum
460 3201 608 3278 prr'oatus¹
621 3196 690 3255 alirn
720 3198 939 3253 earcuersatione
961 3214 1136 3259 scurrarum

54 3290 136 3347 iners
164 3285 256 3353 atium
283 3277 454 3357 oblectaret.
480 3277 555 3338 Plin.
575 3277 650 3357 Epp.
673 3276 695 3350 l,
724 3281 773 3337 22.
807 3295 860 3332 nec
888 3270 1136 3354 disputationibus

54 3368 153 3441 longis
178 3361 305 3423 aliorum
335 3365 428 3439 atium
454 3379 594 3441 suumque
621 3357 758 3415 delectat.
774 3389 822 3415 .—
866 3353 991 3415 Locutio
1018 3359 1135 3439 poetica

54 3461 103 3511 cet
120 3465 226 3506 namen
244 3447 373 3503 inserere
382 3439 501 3520 famae.
528 3440 579 3500 Sic
599 3437 678 3497 Ano.
700 3436 753 3512 Vl,
775 3442 801 3495 2.
831 3434 900 3494 dum
920 3438 1134 3511 ignobilitatem

52 3551 141 3591 suam
161 3528 277 3600 magnis
295 3524 458 3583 nominibus
476 3524 587 3581 inserit.
599 3514 687 3599 illst.
708 3519 745 3591 ll,
767 3519 815 3575 61.
843 3518 993 3588 ,uiarum
1012 3522 1133 3601 quidam

53 3610 174 3692 eplebc
195 3608 334 3666 Baiarum
355 3609 484 3665 inserere
502 3624 535 3662 se
547 3599 691 3680 fortunae
715 3608 744 3657 et
767 3618 930 3680 prouocare
957 3621 1046 3659 arma
1069 3604 1133 3661 Ro.

52 3711 147 3753 mana
166 3709 257 3749 ausas
277 3696 329 3757 cst.
362 3686 438 3746 Plin.
458 3685 532 3765 Epp.
552 3683 618 3756 Vll,
640 3687 688 3741 33.
728 3677 885 3754 Auguror,
914 3698 967 3738 nee
988 3701 1034 3739 me
1045 3676 1133 3758 fallit

50 3775 228 3848 augurium,
257 3769 398 3827 historias
416 3777 485 3825 tuas
504 3764 688 3825 immortales
704 3758 863 3838 suturasr‘
880 3781 936 3840 quo
957 3762 1054 3835 magis
1072 3764 1132 3825 illis
1150 3809 1153 3814 -

49 3854 192 3937 (ingenue
201 3848 343 3930 fatebor)
361 3851 454 3908 inseri
474 3850 568 3926 cupio.
1187 3848 1196 3865 ¹

134 3934 307 3993 cothurnum
329 3925 472 4009 vestrum]
507 3927 587 4008 Lips.
611 3945 627 3984 e
648 3920 722 3984 Cod.
744 3923 830 3981 Farn.
855 3917 968 4001 recepit
990 3943 1047 4004 pro
1076 3946 1131 3986 no.

49 4028 146 4078 strum
170 4012 265 4074 Cadd.
287 4013 352 4071 Par.
372 4010 460 4069 Viud.
489 4021 561 4070 vett.
581 4004 655 4065 Edd.
697 4002 863 4063 Cotlrurnus
883 4001 1046 4084 (κόθορνος)
1067 4029 1130 4068 me-

48 4096 203 4183 tonymitc
224 4095 259 4161 de
280 4092 447 4176 tragoedia,
466 4090 502 4152 de
523 4086 657 4149 oratione
677 4083 791 4166 poetica
811 4080 998 4146 sublimiore:
1029 4089 1130 4149 loven.

48 4181 104 4258 Vt,
126 4184 195 4241 633.
222 4179 317 4239 adum
336 4177 435 4235 satira
462 4179 594 4233 sumente
621 4166 804 4229 cothurnum.
835 4163 940 4239 Quint.
962 4168 1002 4243 X,
1026 4172 1055 4245 t,
1080 4175 1128 4227 68.
