2634 4656
392 322 396 337 „
507 263 816 346 cmxxvi:
958 326 960 335 ,
1093 273 1157 334 aro

13 497 16 501 ,
68 416 145 505 lopo
177 414 330 516 plerique
366 418 488 489 iactant
523 417 651 490 cantari
672 413 873 516 saltarique.
898 424 1153 498 commentarios

68 541 161 587 suos.
213 516 313 588 Unde
341 517 450 588 oritur
472 515 526 588 illa
554 516 652 588 foeda
685 533 716 588 et
740 532 977 614 praepostera,
1011 519 1073 593 sed
1103 539 1153 595 ta·

67 640 146 685 men
169 612 347 712 frequens,
373 615 460 688 sicut
485 616 596 702 scitis,
626 614 898 702 exclamatio,'ut
917 632 1066 690 oratores
1088 647 1152 693 no-

68 713 130 784 stri
155 720 268 785 tenere
300 713 430 802 dicere,
467 714 647 787 histriones
678 714 800 787 diserte
833 712 953 786 saltare
985 715 1148 792 dicantur.

66 811 236 910 Equidem
261 839 331 884 non
355 814 544 908 negaverim
576 812 728 885 Cassium
754 812 932 908 Seuerum,
968 841 1066 914 quern
1092 844 1147 889 so-

65 907 137 981 lum
163 912 257 1010 Aper
280 927 396 983 noster
419 911 592 983 nominare
618 939 719 984 ausus
746 927 815 998 est,
853 911 881 983 si
908 912 949 982 iis
975 941 1148 1015 compare-

10 1016 23 1026 '
65 1025 140 1097 tur,
169 1009 226 1109 qui
248 1027 364 1109 postea
390 1009 542 1099 suerunt,
568 1038 668 1111 posse
694 1027 860 1083 oratorem
876 1006 1014 1100 noemi,
1040 1041 1147 1113 quan.

65 1189 109 1246 sia
129 1183 252 1244 laudari
265 1184 415 1245 disertum.
455 1186 502 1245 De
516 1159 664 1246 structura
679 1207 711 1246 v.·
726 1187 787 1245 loco
803 1185 840 1246 el.
859 1185 1035 1248 Ramshorn.
1052 1188 1080 1285 ᾗ.
1096 1195 1144 1250 97.

64 1268 138 1328 Noc
161 1271 186 1326 t.
209 1267 294 1325 Haas.
317 1279 417 1336 annot.
438 1273 506 1327 566.
530 1268 567 1327 ad
580 1267 690 1351 Reisig.
712 1265 826 1327 Vorles.
846 1289 875 1348 p.
898 1275 985 1345 708„
1009 1269 1061 1330 uhi
1083 1271 1144 1332 dis-

65 1348 179 1410 crimen
201 1349 342 1407 statuitur
360 1350 440 1408 inter
457 1348 573 1408 sermm.
597 1350 659 1409 Ioco
680 1361 710 1411 ct
730 1352 760 1407 ia
781 1351 848 1409 loca.

147 1448 267 1504 cantari
276 1447 440 1528 saltarique
455 1449 680 1508 commentarios
694 1443 778 1525 suos]
801 1442 846 1505 Cs.
863 1444 1030 1506 Weichert.
1049 1459 1142 1526 poctts

63 1527 142 1585 Latt.
162 1526 246 1606 reliq.
268 1549 297 1606 p.
314 1533 383 1586 286.
432 1529 506 1585 »lam
538 1527 615 1586 sicut
642 1527 767 1586 carmina
795 1538 965 1604 poetarum,
992 1548 1067 1606 quae
1091 1530 1142 1588 hi·

63 1606 213 1681 striones,
242 1608 324 1667 mimi
347 1607 508 1687 mimaequc
527 1607 557 1666 in
577 1607 699 1668 theatris
722 1607 882 1668 recitabant
904 1628 969 1667 curn
996 1621 1082 1690 gestu
1112 1608 1142 1671 e't

51 1689 283 1750 ,accommodato
307 1701 409 1763 motu,
436 1692 550 1748 saltata
568 1701 699 1768 poemata
719 1689 776 1748 dici
801 1689 951 1762 solehant,
979 1689 1019 1748 ita
1041 1693 1141 1752 eadent

62 1770 97 1847 in
115 1770 233 1830 theatro
253 1775 373 1830 cantari
390 1771 578 1846 dicebantur,
602 1770 738 1849 quoniam
758 1768 923 1853 rhythmica
943 1771 1064 1850 quadam
1085 1794 1140 1837 νο,
1223 1823 1226 1826 .

62 1851 106 1912 cis
137 1852 336 1912 modulatione
367 1853 570 1914 recitarentur·
618 1854 675 1910 lsta
700 1851 870 1911 histrionice
896 1851 1066 1912 declamatio
1091 1876 1140 1915 se-

61 1931 139 2009 riori
157 1945 291 2014 tempore
311 1933 395 1995 ctiam
424 1933 575 1993 rhetorum
595 1932 709 1992 scholas
723 1933 852 1992 invasit:
881 1954 936 2013 qua
957 1933 993 1993 de
1013 1955 1045 1993 re
1066 1957 1150 2015 que-1

62 2025 199 2081 stus,est
220 2020 334 2074 Auctor
354 2015 468 2097 Dialog·
492 2016 528 2075 de
549 2015 644 2075 Oratt
665 2036 709 2095 cp.
730 2021 796 2077 26.«
838 2012 892 2075 Cf.
913 2011 973 2074 Cic.
998 2015 1033 2074 de
1055 2018 1138 2078 Orat.

64 2097 117 2171 κο,
141 2101 195 2175 οι.
226 2096 311 2155 Brut.
341 2102 391 2178 eu,
422 2102 490 2158 225.
529 2095 634 2171 Quint.
654 2098 706 2171 tx,
733 2096 1076 2172 t,142.‘x1,1,56.;
1106 2105 1138 2175 a,

54 2183 103 2237 257
122 2211 160 2222 —
177 2182 225 2235 60.
283 2177 345 2236 Sed
376 2177 560 2259 quodcunque
598 2199 636 2237 aaa
672 2179 720 2236 lais
754 2181 852 2237 vitium
889 2181 1001 2252 magis,
1019 2180 1138 2240 tulerim

60 2278 149 2341 quam
171 2279 225 2339 quo
246 2280 319 2318 nunu
338 2263 469 2318 masinae
488 2256 644 2319 laboratur
664 2263 695 2318 iu
715 2263 814 2319 causis
829 2260 960 2318 omnihus
977 2259 1138 2343 scholasque

61 2339 223 2417 cantandi:
243 2339 320 2418 quod
337 2343 467 2400 inutilius
486 2345 526 2399 sit
546 2361 586 2399 an
597 2338 720 2417 foedius
737 2344 840 2400 nescio.
883 2340 966 2420 Quid
983 2344 1057 2399 enim
1081 2347 1137 2403 nri·¹

61 2431 118 2499 nris
144 2421 260 2482 oratori
286 2426 417 2480 aoaoanit
441 2442 528 2503 quam
556 2421 718 2481 modulatio
744 2423 862 2480 scenica
882 2431 910 2479 ct
931 2435 1137 2503 nonnunquam

61 2502 208 2561 ebriorum
236 2512 290 2561 aut
317 2506 564 2563 commissaatium
582 2503 709 2560 similis?
735 2503 799 2561 Etc.
835 2500 909 2560 Plin.
929 2501 974 2581 Ep
997 2547 1004 2559 .
1026 2504 1062 2577 ll,
1087 2508 1135 2581 14,

63 2589 111 2644 13.
137 2581 255 2660 Lucian.
275 2596 419 2665 praecept.
431 2583 551 2642 rhetor.
573 2605 617 2662 cp.
640 2587 686 2641 19.
714 2585 747 2655 ἢν
766 2589 802 2645 δέ
816 2606 878 2641 aaa
896 2593 940 2641 καὶ
959 2608 1026 2659 quur
1046 2589 1137 2662 καιρός
1167 2612 1171 2623 ·

59 2664 127 2725 εἶναι
146 2669 227 2738 δοκῇ,
247 2669 331 2726 πάντα
349 2691 394 2725 σοι
413 2669 525 2742 ᾀδέσθω
545 2675 589 2722 κοιλ
609 2670 690 2740 μέλος
708 2669 859 2739 γιγνέσθω·
886 2664 1017 2725 κᾶιποιο
1034 2667 1136 2745 ἀκορή-

60 2772 112 2821 οῃς
129 2751 282 2825 πράγματος
300 2751 415 2825 ᾠδικοῦ,
442 2749 505 2814 τούς
524 2746 702 2825 ἄκδροςπούς
728 2748 851 2815 discorde
869 2746 1003 2822 ὀνομάσας
1021 2751 1136 2823 ἐμμελῶς

59 2835 253 2908 ποπληρωκέλαι
270 2836 331 2888 οἴου
342 2825 396 2901 ’τήν
413 2830 555 2906 cipparius·
582 2832 610 2887 ιό
630 2833 659 2886 tt
674 2835 754 2904 οἴμοι
773 2834 822 2887 coir
840 2833 926 2887 κακῶν
946 2831 1072 2898 πολλάκις
1090 2841 1136 2891 κοιλ

59 2913 176 2990 ὅμηρός
194 2917 391 2977 nazoraiu-do,
410 2923 454 2970 κοιλ
472 2906 625 2988 λαρύγγιζε·
655 2924 700 2969 κοιλ
718 2916 894 2988 ἐπιχρέμπτου
912 2924 968 2976 τοῖς
987 2917 1136 2985 λεγομένοις

58 3005 104 3053 καλ
127 2989 218 3070 βάδιζε
245 2998 396 3069 μεταφέρωι
421 2995 477 3064 τήν·
497 2993 590 3066 πυγήν.
637 2988 683 3051 Cf.
704 2990 798 3051 lacob.
825 2988 1054 3051 Charakteristik
1073 2993 1136 3051 Lu·

59 3073 140 3141 cians
154 3070 193 3155 p.
214 3079 254 3132 88
270 3094 313 3153 sq.
341 3075 413 3133 Ern.
434 3074 504 3133 Lex.
517 3071 621 3134 techn.
641 3072 704 3132 Lat.
724 3095 748 3133 s.
771 3094 819 3134 vv.
835 3083 939 3132 cantus
960 3083 994 3132 et
1010 3073 1134 3134 saltare.¹

141 3171 197 3231 sed
214 3169 487 3251 tamcn‘srequaus,
514 3173 589 3229 sicut
606 3172 709 3248 saitis,
736 3167 936 3250 exclamatio]
969 3169 1067 3229 Locus
1089 3180 1136 3230 est

58 3246 219 3333 corruptus
240 3252 270 3310 in
292 3249 386 3312 Codd.
405 3262 438 3309 et'
458 3261 526 3309 vett.
545 3251 634 3310 Edu:
660 3253 737 3309 sicut
759 3251 806 3311 liis
824 3261 874 3310 cta
902 3262 931 3310 ct
954 3248 1028 3311 Cod.
1048 3252 1135 3310 Farn.

57 3345 129 3394 test·
155 3333 311 3415 Schluttig.
338 3336 416 3392 sicut
441 3331 486 3389 bis
509 3341 560 3391 cta
589 3341 619 3390 ct
647 3342 715 3391 test.
735 3331 825 3392 Beklr.
846 3335 925 3391 sicut
944 3332 990 3390 his
1011 3334 1088 3391 clam
1106 3343 1136 3392 at

58 3413 134 3476 Cod.
155 3415 220 3475 Par.
242 3415 295 3473 Ed.
316 3414 395 3495 Spir.
419 3417 498 3471 sicut
524 3413 571 3472 liis
593 3414 670 3472 clam
691 3410 765 3481 Cod.
787 3413 874 3473 Vind.
901 3418 975 3473 sieut
994 3415 1038 3472 bis
1057 3414 1135 3473 clam

57 3507 88 3556 ct
110 3486 184 3556 Eud.
203 3498 270 3556 Put.
290 3495 356 3556 niv.
383 3498 460 3554 sicut
479 3495 523 3552 bis
543 3495 620 3552 alam
643 3494 715 3553 Edd.
736 3494 803 3554 Ber.
824 3493 888 3554 Alc.
915 3498 1003 3554 sicut
1016 3495 1135 3576 quibus·

58 3579 132 3637 alam
159 3598 195 3637 ex
222 3576 333 3636 emend.
361 3576 457 3636 Rhen.
478 3585 662 3655 receperunt
688 3596 769 3655 seqq.
798 3586 915 3655 praeter
940 3575 1044 3642 Bach.‚
1082 3574 1133 3654 qui
1198 3595 1202 3600 ’

57 3659 183 3738 copiect.
205 3657 297 3718 Orcll.
317 3661 392 3717 sicut
409 3660 491 3716 scitis
512 3656 544 3714 in
563 3667 677 3715 textum
697 3656 831 3732 admisit,
853 3677 869 3716 a
889 3676 948 3735 quo
964 3655 995 3713 in
1017 3666 1131 3714 annott.
1191 3698 1192 3702 ,

56 3744 211 3822 proposita
239 3751 284 3798 est
302 3737 461 3819 frequens,
487 3741 565 3798 sicut
582 3741 683 3811 scitis,
712 3739 778 3796 laus
798 3747 828 3795 ct
847 3739 1047 3811 exclamatio,
1075 3737 1132 3795 iarn
1168 3766 1178 3776 ·

55 3821 180 3903 probah-
200 3819 347 3880 Eclrstcin.
379 3831 495 3899 praeter
524 3840 552 3878 r.
580 3821 663 3886 laus,·
701 3841 786 3897 quam
814 3817 1029 3889 coniecturam,
1059 3837 1133 3896 quae

55 3902 180 3985 propius
209 3900 311 3962 saltem
343 3902 378 3960 ad
406 3899 579 3979 scripturam
608 3896 701 3959 Codd.
728 3898 839 3960 accedit
863 3910 894 3958 et
922 3897 992 3958 satis
1024 3896 1136 3959 honum

56 4005 177 4045 sensum
192 3983 300 4056 elficit,
321 3982 405 4062 sequi
424 4002 485 4040 non
506 3979 644 4039 dubitari.

134 4091 235 4140 tenera
255 4077 367 4158 dicere]
388 4080 448 4136 Pro
468 4066 578 4134 temere
597 4076 664 4137 lect
686 4075 834 4136 Codd.'et
852 4086 923 4135 vett.
945 4075 1018 4134 Edd.
1038 4084 1137 4132 tenera

55 4163 114 4244 (sic
128 4162 175 4222 ,in
195 4159 270 4234 Cod.
298 4161 384 4220 Fara.
408 4178 481 4220 esse
504 4155 659 4219 videbatur
674 4156 839 4285 -llliehuhrd
861 4154 1027 4312 quqcpdavit
1044 4154 1137 4234 Lips,
