2634 4656
528 280 674 364 Camil.
755 293 800 347 ’,
920 345 925 359 ,
1097 285 1140 347 -9

57 432 139 522 nili,
171 448 209 505 nt
228 431 366 505 -labulas
395 461 532 533 quoque
560 461 675 506 eornm
701 446 733 504 'ct
759 430 1003 533 disputationes
1029 454 1063 510 et
1086 464 1140 509 ar·
1223 444 1227 455 '

59 560 143 605 cena
167 550 312 605 semotae
333 532 488 605 dictionis
510 532 645 629 penitus
665 531 868 631 exciperem,
895 536 1046 632 quamuis
1070 546 1140 609 mass

57 630 156 728 ligne·
177 631 330 731 plerique
355 633 573 732 opinarentur
599 661 661 706 nec
678 631 835 704 Secundo
854 651 1047 734 promptum
1067 662 1140 709 esse

58 812 90 861 et
109 822 155 882 cp.
177 802 226 861 34.
246 803 410 858 sectari—
425 804 572 881 prosequi.
609 801 646 859 H.
666 799 685 858 Ι.
712 803 860 860 assectari
886 801 905 860 i.
934 824 962 881 q.
991 803 1141 865 assiduum

57 902 127 943 esse
148 884 215 943 eum
237 881 351 960 aliquo,
373 892 408 940 ut
428 892 595 941 assectator
617 881 652 941 de
675 879 792 940 assiduo
816 883 1119 965 comite,.discipulo.

137 976 281 1060 sabulos]
310 979 428 1038 Fabula
447 977 557 1120 sidroc)
577 976 595 1035 i.
618 1000 645 1057 q.
666 977 881 1054 confabulatio,
902 1002 1018 1055 sermo,
1041 982 1141 1061 quilii

56 1061 197 1142 privatim
216 1060 295 1119 inter
314 1059 427 1141 aliquos
467 1082 483 1119 e
503 1058 593 1119 rebus
611 1059 687 1119 vitae
708 1061 889 1135 communis,
910 1073 945 1121 ut
961 1062 1076 1144 Dialog.
1095 1086 1141 1144 cp.

57 1149 111 1204 29.
139 1143 218 1201 Ann-
240 1143 292 1216 ΙΙΙ,
314 1146 359 1211 5.,·
389 1163 446 1222 qua
467 1139 680 1222 significatione
699 1162 716 1200 a
738 1141 932 1221 scriptoribus
953 1144 1141 1224 potissimum

46 1234 215 1308 argenteae
244 1223 345 1285 aetatis
374 1232 548 1303 usurpatum
577 1221 710 1281 videtur:
737 1222 785 1282 vd.
808 1225 954 1284 Boettich.
980 1227 1051 1285 Lex.
1072 1227 1140 1286 Tac.
1193 1254 1196 1259 ·

58 1327 84 1365 s.
104 1327 136 1366 r.
165 1304 313 1364 Sebaeler.
337 1304 374 1363 ad
402 1304 571 1383 Ptinepp.
592 1304 615 1376 Ι,
638 1309 686 1376 13,
709 1309 738 1363 2.
777 1306 933 1366 Sermones
961 1328 977 1366 a
1006 1307 1141 1388 disputa·
1227 1386 1229 1392 Ι
1273 1326 1277 1331 ’

57 1390 140 1446 tione
159 1385 362 1467 distinguntur
382 1383 444 1445 cic.
466 1386 502 1444 de
523 1385 606 1444 Orat.
627 1387 677 1460 ΙΙΙ,
698 1390 749 1459 55,
772 1391 842 1445 211.

11 1528 18 1538 .
55 1478 59 1484 ’
144 1481 374 1563 disputationes]
398 1484 589 1564 Disputatio,
612 1481 815 1560 quaeratione
836 1494 865 1542 et
884 1482 930 1543 via
946 1485 998 1558 fit,
1019 1485 1141 1566 proprie

58 1577 107 1625 est
131 1564 379 1659 pbilosophorum
405 1564 435 1623 in
463 1562 624 1624 contrarias
651 1574 748 1642 partes
781 1564 1005 1639 disserentium,
1036 1567 1143 1628 deinde

58 1668 184 1721 eornm,
208 1668 259 1725 qur
279 1656 411 1705 accurate
432 1656 461 1703 et
483 1642 645 1703 rationibus
668 1644 841 1724 conquisitis
866 1647 901 1705 de
922 1647 1011 1707 rebus
1032 1650 1067 1707 ad
1091 1649 1141 1707 lit-

56 1740 138 1789 teras
153 1736 303 1806 'artesque
332 1726 530 1806 spectantibus
561 1745 711 1786 sermones
733 1725 898 1785 babent·-
920 1729 1141 1790 wissenschaft-

57 1808 137 1870 licbe
157 1807 416 1889 Unterredungen.
454 1806 593 1867 Doederl.
613 1807 675 1865 Lat.
696 1808 770 1888 Syn.
793 1807 859 1867 Vol.
881 1810 930 1866 ΙΙΙ.
952 1832 981 1891 p.
1004 1816 1051 1870 19.
1131 1814 1148 1879 J

132 1917 249 1956 areana
260 1905 391 1955 semotae
403 1891 556 1974 diationis]
579 1893 681 1953 Genus
698 1892 813 1952 dicendi
827 1895 930 1954 Tacito
944 1896 1061 1975 quidem
1076 1896 1139 1956 usi-

56 1978 256 2052 tatissimum,
276 1997 332 2057 pro
351 1975 542 2036 substantivis
554 1974 701 2034 -adicctiva
720 1988 828 2034 neutro
854 1976 992 2059 singular.
1006 1991 1057 2038 aut
1075 1979 1142 2059 plu·
1212 2002 1219 2019 .

57 2059 111 2121 ml.
139 2082 208 2121 cum
234 2058 367 2142 genitivo
393 2056 644 2117 substantivorum
665 2055 880 2138 coniungendi:
909 2060 1062 2129 obscurum
1087 2083 1141 2119 no-

59 2138 117 2202 etis
144 2141 222 2201 Hist.
243 2143 279 2215 ll,
303 2143 365 2212 14.;
403 2149 531 2214 angusta
559 2149 587 2197 et
612 2139 727 2197 lubrica
753 2143 866 2198 uiarum
894 2141 971 2200 Hist.
993 2144 1044 2217 ΙΙΙ,
1075 2149 1139 2215 823

59 2224 180 2285 occulta
207 2224 336 2291 saltuum
364 2221 443 2292 Anu.
464 2223 486 2296 l,
509 2225 556 2279 61.
586 2221 634 2279 vd.
661 2221 760 2279 Boett.
789 2223 859 2280 Les.
888 2223 956 2281 Tac.
986 2245 1015 2302 p.
1035 2225 1074 2285 34
1095 2245 1142 2302 sq.

58 2304 121 2369 Sed
143 2303 177 2373 b.
202 2303 221 2362 l.
250 2323 395 2363 areanum
423 2313 469 2360 cst
497 2300 732 2375 substantivum,
760 2323 818 2380 qua
848 2302 970 2363 notione
999 2325 1060 2363 non
1090 2326 1141 2364 so.-

57 2384 122 2447 lum
141 2385 217 2466 apud
238 2383 389 2458 Tacitum,
418 2383 576 2442 sedetiam
597 2383 673 2461 apud
693 2394 813 2465 poetas,
834 2384 911 2462 apud
930 2385 1059 2461 Livium,
1078 2384 1140 2445 Pli-

57 2464 317 2542 uium,¹Curtium
336 2465 486 2544 reperitur
506 2464 552 2523 vd.
574 2462 721 2522 Boetticb.
742 2464 811 2522 Lex.
827 2466 900 2526 ,Tac
925 2487 948 2524 s.
969 2487 1056 2525 1.-
1085 2468 1141 2527 Se.

57 2559 157 2610 motus
177 2547 196 2607 i.
214 2569 242 2627 q.
265 2557 396 2608 secretus
417 2567 433 2605 a
452 2544 543 2625 uulgo
564 2555 594 2602 et
613 2543 749 2623 privatim
767 2543 846 2602 domi
862 2544 978 2605 habitus
998 2546 1046 2607 vd.
1065 2549 1141 2607 For-

58 2630 124 2691 cell.
145 2651 169 2689 s.
187 2651 215 2689 r.
234 2662 275 2674 —-
302 2628 404 2687 Diotiu
425 2626 444 2686 i.
466 2649 494 2704 q.
516 2645 630 2698 sermo,
652 2636 686 2683 ut
706 2646 750 2704 cp.
773 2628 821 2686 31.
861 2625 988 2686 Arcena
1007 2638 1141 2701 semotae

58 2712 198 2773 diationis
224 2709 408 2789 interpretor
440 2727 592 2767 sermones
617 2705 771 2766 familiares
799 2718 830 2767 et
859 2707 1055 2786 domesticos,
1092 2730 1142 2783 ref

56 2800 159 2852 motos
173 2812 190 2851 a
204 2790 309 2850 notitia
323 2789 422 2870 vulgi,
443 2788 494 2869 qui
515 2787 550 2847 ab
571 2786 669 2847 amicis
690 2787 725 2846 de
746 2787 834 2848 rebus
855 2789 1034 2870 gravissimis
1049 2811 1141 2872 ‚aper-

56 2866 119 2935 tius
141 2884 172 2933 et
192 2871 325 2955 audaciqs
346 2870 557 2967 proferuntur,
580 2869 743 2950 dequibus
765 2869 820 2931 sub
842 2871 1069 2952 imperatoribus
1089 2895 1141 2955 pa·
1165 2902 1171 2921 ⁴

58 2954 120 3016 lem
139 2953 236 3014 dicere
254 2974 316 3033 non
335 2951 450 3013 licebat.
1134 2998 1139 3007 ,

137 3044 255 3121 penitus
275 3035 458 3119 exciperem]
488 3035 637 3119 Excipere
659 3037 823 3097 sermonem
851 3057 895 3118 cp.
918 3040 966 3097 15.
992 3058 1142 3108 sermones

58 3142 104 3204 cp.
131 3127 181 3183 29.
224 3119 374 3201 Excipere
401 3117 552 3186 uerba-
575 3119 734 3180 sententias
769 3118 891 3179 alicuius
916 3119 1067 3201 ‘significat
1095 3133 1141 3189 at<

57 3214 143 3265 tonte
173 3214 203 3264 et
232 3225 298 3262 cum
328 3200 427 3261 studio
456 3199 557 3259 audire
579 3235 625 3262 -.
640 3199 760 3260 auribus
781 3200 933 3281 percipere
953 3201 1000 3262 vd.
1023 3200 1084 3262 Cic.
1106 3201 1142 3265 de

59 3286 145 3346 Orat.
173 3286 211 3358 ΙΙ,
239 3287 291 3358 35,
323 3286 408 3356 146,
442 3285 549 3340 animis
578 3286 699 3341 attentis
728 3303 792 3340 exe.
827 3282 947 3341 Orator.
980 3287 1031 3358 58,
1062 3288 1141 3359 197,

57 3367 237 3435 aridissimis
258 3365 382 3437 auribus
404 3363 479 3425 Plin.
499 3363 575 3444 Epp.
596 3365 648 3440 lv,
671 3367 717 3423 19.
739 3368 767 3422 3.
803 3363 902 3423 Brem·
923 3364 960 3424 ad
980 3365 1063 3426 Suet.
1086 3363 1140 3425 Ti..

56 3447 121 3509 ber.
142 3452 193 3509 21.

137 3531 271 3611 quamvis
291 3528 419 3602 maligne
435 3527 567 3608 plerique
589 3522 796 3607 opinarentur]
835 3526 882 3586 De
904 3524 1002 3608 signif.
1024 3545 1052 3584 v.
1075 3545 1142 3585 ma-

58 3611 137 3685 ligne
165 3609 200 3671 cs.
228 3608 296 3667 inlr.
323 3609 358 3667 ad
387 3629 438 3687 cp·
461 3612 507 3667 15.
555 3607 697 3689 Plerique
719 3606 738 3665 i.
760 3628 788 3686 q.
817 3606 925 3681 multi,
950 3625 1035 3686 saepe
1065 3606 1143 3687 apud

56 3691 152 3753 Tacit.
179 3690 227 3758 vd.
254 3689 375 3749 Walrh.
396 3689 431 3748 ad
455 3687 552 3770 agric.
580 3708 625 3768 cp.
646 3695 674 3748 2.
697 3708 732 3768 ρ.
749 3692 816 3747 108.
849 3709 893 3767 cp.
917 3691 963 3746 16.
984 3692 1033 3746 43.
1071 3689 1142 3763 Dia7

56 3771 119 3855 log.
140 3794 184 3853 cp.
209 3777 255 3830 17.
296 3768 445 3830 Boetticb.
464 3770 533 3829 Lex.
555 3769 624 3829 Tac.
644 3792 668 3830 s.
689 3791 717 3829 v.
753 3768 877 3828 Paldam.
899 3768 935 3826 ad
954 3768 1036 3826 Suet.
1058 3766 1141 3830 Caes.¹

57 3875 104 3935 ep.
126 3860 192 3925 52,
207 3852 311 3928 Quint.
332 3854 372 3927 X,
395 3856 424 3925 1,
444 3856 494 3910 26.
520 3851 656 3911 Frotscb.
676 3850 740 3909 Liv.
762 3850 844 3922 XXI,
864 3854 892 3922 1,
917 3851 943 3906 1.
966 3848 1035 3926 ibiq.
1057 3851 1142 3921 Febr,

57 3936 105 3996 De
125 3934 293 3995 discrimine
313 3933 392 3992 inter
407 3953 455 3990 vu.
468 3933 601 4014 plerique
623 3944 652 3991 et
668 3933 791 4012 plurimi
806 3930 854 3989 vd.
868 3928 981 3989 Daehn.
996 3930 1031 3988 ad
1051 3929 1141 3992 Corn.

55 4016 133 4098 Nep.
154 4016 244 4096 prael.
264 4049 303 4065 -
340 4013 467 4094 Opinari
484 4012 504 4070 i.
527 4035 554 4092 q.
575 4013 674 4093 loqui,
707 4032 763 4089 qua
785 4010 882 4092 signif.
902 4032 919 4071 a
940 4012 1086 4072 Suetonio
1111 4011 1142 4073 id

56 4096 241 4180 frequentari
260 4095 347 4154 docet
366 4092 484 4166 uuhuk,
508 4094 608 4157 Schol.
631 4094 666 4152 ad
688 4090 802 4152 Caesar.
824 4097 872 4156 66.

140 4199 196 4241 nea
214 4175 352 4243 Secundo
369 4185 539 4258 promptum
553 4195 617 4236 esse
635 4193 800 4248 sermonem
819 4182 850 4249 et
861 4170 994 4256 Aprum]
1014 4174 1064 4247 De
1076 4171 1141 4232 lor-¹
