2634 4656
333 179 338 188 ⁸
430 179 708 313 -efflxn
782 282 813 295 ..
1042 224 1219 341 'sm

68 383 142 457 eam
167 381 398 482 disciplinam,
431 411 495 484 qua
525 410 604 460 usos
637 411 711 459 esse
741 409 799 457 eos
829 381 976 458 oratores
1006 386 1136 488 accepi·

67 510 165 572 muS,
201 511 342 598 quorum
372 481 520 557 infinitus
545 482 641 558 labor
666 501 697 557 et
720 483 885 557 cotidiana
909 484 1135 570 meditatioet

67 582 102 656 in
128 611 218 656 omni
245 611 365 680 genere
388 583 572 657 studiorum
600 584 753 661 assiduae
771 584 1024 662 exercitationes·
1041 587 1134 701 ipso·

67 709 142 755 rum
168 682 263 756 etiam
298 684 507 756 continentur
530 683 635 761 tibris.
694 686 799 757 Notus
827 701 875 757 est
900 684 994 757 vohis
1018 702 1133 785 utique

67 781 239 855 Ciceronis
256 782 350 868 liber,
379 783 434 883 qui
454 784 578 857 Brutus
593 782 801 871 inscribitur3
827 785 860 857 in
879 783 973 857 euius
990 802 1133 865 extrema

91 898 161 955 arte
193 888 283 976 (nam
308 883 401 983 prior
427 884 767 963 commemorationem
793 901 936 958 veterum
964 901 1131 971 oratorum
1227 934 1229 939 ,

65 908 182 1077 hahet)
210 1010 272 1054 sua.
295 982 404 1068 initia,
430 1009 508 1055 suos
533 981 679 1080 gradus,
709 1010 789 1056 suae
815 982 1020 1083 eloquentiae
1046 983 1133 1067 velut

65 1080 233 1179 quandam
250 1081 475 1155 educationem
497 1084 612 1172 refert:
640 1110 676 1155 sc
694 1083 785 1182 apud
802 1082 964 1180 Quintum
982 1082 1130 1159 Mucium
1163 1094 1165 1100 ’
1213 1096 1220 1102 ’

61 1179 119 1253 ius
142 1179 233 1254 civile
259 1181 433 1272 didicisse,
461 1182 551 1284 apud
568 1182 741 1257 Philonem
759 1181 1014 1274 Academicum,
1040 1180 1131 1283 apud

63 1350 191 1417 docuero
211 1373 246 1412 cx
266 1352 342 1430 Rud.
369 1350 467 1433 Agris.
488 1350 599 1413 emend.
624 1350 742 1433 Picheu.
766 1354 909 1436 Beruegg.
933 1351 1043 1422 Gron.;
1073 1351 1130 1428 ha·
1197 1341 1202 1353 ⁸

63 1433 159 1493 buerit
178 1431 228 1515 (ex
248 1433 365 1494 emend.
385 1431 484 1514 Acta.)
505 1435 575 1494 Ern.
595 1435 691 1507 Brot.;
721 1435 873 1508 hahuerit,
899 1438 1000 1494 statim
1021 1433 1128 1493 dicam.

62 1513 155 1577 Prius
182 1515 308 1595 reseram
337 1538 371 1576 ex
394 1515 516 1576 coniect.
543 1516 626 1578 Aeid.
654 1516 786 1590 Schuir.;
822 1528 922 1576 exstat
949 1519 978 1575 in
1004 1515 1127 1574 decretis

63 1601 203 1658 censoriis
216 1598 339 1658 Seehod.
359 1599 431 1658 Edd.
452 1603 502 1668 ll.;
523 1599 668 1676 hahuerit,
688 1603 790 1659 statim
804 1600 840 1659 de
856 1597 1001 1659 curiis**
1015 1597 1128 1657 Dronk.
1161 1651 1164 1654 .

64 1678 173 1752 Oreil.;
202 1692 301 1740 exstat
321 1682 357 1739 de
378 1679 506 1740 curiis*
534 1681 658 1750 Osann.,·
696 1682 846 1756 habuerit,
875 1692 924 1743 sat
950 1684 980 1739 in
1008 1679 1128 1739 diurnis.

62 1759 202 1840 Referam
224 1763 255 1822 A.
277 1762 417 1822 Wittich.
438 1762 468 1821 iu
489 1774 641 1823 comment.
663 1762 699 1822 de
718 1775 837 1825 auctore
857 1762 931 1823 Dial.
952 1761 981 1822 iu
1002 1760 1128 1821 Seehod.
1186 1771 1190 1783 ’
1298 1769 1302 1777 “

62 1853 119 1905 etc.
139 1843 258 1904 Archiv.
279 1845 297 1904 i.
318 1844 423 1904 Phitot.
438 1857 491 1905 etc.
508 1848 546 1919 V,
560 1851 589 1906 2.
609 1867 638 1925 p.
659 1849 746 1918 279..
765 1845 815 1925 qui
830 1844 996 1905 observavit
1009 1842 1040 1901 in
1054 1843 1128 1904 actis

62 1946 181 2006 quoque
206 1927 336 2003 diurnis,
373 1927 397 1986 si
429 1938 558 1986 aetorum
590 1928 659 1986 Iiiai
680 1925 755 2009 Diat.
780 1933 831 1988 37.
856 1924 1037 2007 intelligendi
1068 1925 1128 1985 siut

61 2007 183 2083 diurna,
218 2010 253 2069 de
279 2009 420 2069 eiusmodi
448 2008 536 2069 rehus
568 2007 662 2068 a'ctum
693 2030 765 2069 esse.
824 2008 980 2069 Gronovio
1007 2008 1126 2067 Tacitus

59 2101 129 2149 ante
151 2091 252 2152 oculos
277 2091 412 2152 hahuisse
431 2091 548 2163 videtur
567 2091 671 2166 Quint.
689 2095 764 2166 vat,
784 2097 814 2166 3,
834 2095 882 2153 41.
912 2089 1059 2152 -Ceterum
1081 2089 1127 2149 di-

61 2181 178 2249 cturus,
207 2175 307 2256 quihus
330 2184 448 2234 ornetur
467 2176 579 2245 aratio,
607 2178 691 2254 prius
711 2194 762 2245 ea,
791 2194 868 2255 quae
888 2185 954 2233 sant
974 2173 1040 2232 huic
1058 2194 1126 2232 con·
1211 2180 1213 2187 ⁴

60 2258 160 2314 traria
186 2257 283 2329 iaedi,
313 2261 466 2335 attingam.
508 2253 604 2315 Verba
631 2259 732 2316 statim
760 2252 891 2316 dicturas
917 2255 1066 2337 pertinent
1089 2253 1125 2316 ad

59 2334 136 2397 Diat.
155 2343 202 2399 35.
218 2336 280 2398 init.

146 2457 267 2518 querum
287 2435 414 2516 irrfinitus
433 2437 526 2514 ledor]
546 2432 606 2496 Cic.
628 2436 663 2495 de
684 2435 765 2497 Orat.
786 2439 809 2507 1,
832 2439 860 2510 1,
881 2440 906 2494 1.
926 2433 1055 2514 irfinitas
1069 2431 1123 2512 sa-
1190 2464 1191 2468 1

60 2523 187 2602 repsiunr
207 2540 302 2578 rernm
323 2519 413 2580 tahar.
434 2517 538 2593 Quint.
559 2520 608 2574 lv.
627 2537 757 2598 prooem.
775 2522 802 2575 7.
823 2515 965 2597 infinitum
985 2517 1058 2575 mihi
1076 2517 1122 2576 ia-

34 2605 158 2674 ·horem
176 2605 328 2684 prospicio.
689 2607 716 2659 ,⁴
753 2630 756 2637 ,

85 2715 87 2719 ¹
142 2695 172 2751 in
193 2694 271 2750 omni
285 2710 389 2764 genere
413 2720 448 2733 --
468 2689 645 2748 continentur
663 2687 755 2765 libris]
788 2686 949 2746 stadiorum
973 2688 1120 2745 exercita-

59 2778 147 2838 tionis
174 2770 265 2832 Codd.
298 2773 361 2831 Par.
389 2770 474 2828 Vind.
504 2767 555 2827 Ed.
583 2767 659 2849 Spir.
692 2769 771 2827 stad.
796 2771 1021 2829 exercitationes
1046 2767 1119 2828 Edd.

59 2877 162 2918 omnes
190 2853 402 2915 antetSeehod.
424 2852 478 2911 Ed.
498 2854 531 2910 ll.
553 2848 599 2930 (ir.
621 2848 729 2932 hup),
758 2849 808 2931 qui
836 2849 954 2911 exhibet
979 2850 1118 2911 assiduae
1200 2922 1211 2939 ο

57 2940 220 3001 studiorum
248 2938 482 3002 exercitationes,-
517 2933 646 2993 offerunt
677 2932 754 2992 enim
784 2932 944 2993 stadiorum
980 2933 1118 3001 assiduae
1194 2994 1196 2996 ,

60 3024 284 3081 exercitationes
308 3016 399 3078 Codd.
427 3017 510 3076 Fara.
540 3013 611 3096 (nisi
638 3016 717 3095 quod
744 3015 860 3075 assidue
885 3013 1116 3096 exercitationis)

59 3104 185 3176 Vaticc.,
201 3122 287 3181 quos
311 3098 404 3160 secuti
433 3095 620 3181 sunt'Bekk.
647 3097 743 3156 Boett.
771 3095 886 3156 Walth.
913 3096 999 3158 Bach.
1023 3096 1129 3170 niem.

59 3185 198 3246 assiduae
218 3186 439 3243 exercitationes
464 3180 557 3240 eiecto
584 3179 799 3240 estadiorurn
824 3199 973 3260 perperam
997 3200 1114 3260 reprae-

59 3279 176 3328 sentant
193 3265 305 3325 Dronk.
327 3265 434 3324 Osann.
457 3261 547 3323 Oreil.
592 3261 740 3321 Contineri
757 3261 776 3320 i.
798 3283 825 3341 q.
844 3272 975 3338 exstare,
1005 3261 1112 3339 inesse,

58 3370 146 3427 non„
160 3359 195 3408 ut
212 3347 334 3428 explicat
352 3345 485 3421 Schola,
504 3342 737 3419 commemorari,
757 3342 877 3407 narrari.

63 3451 65 3457 '
136 3441 231 3503 Natus
251 3449 294 3497 est
310 3440 386 3497 cabis
400 3474 439 3487 -
453 3439 482 3495 in
504 3438 584 3496 cuius
599 3443 733 3492 eatrema
750 3433 847 3513 parte]
868 3431 950 3493 nohis
968 3433 999 3493 iu
1020 3432 1112 3498 Codd

56 3534 88 3585 et
107 3535 179 3585 vett.
206 3522 278 3580 Edd.
301 3521 335 3580 ah
358 3519 499 3580 Rhenano
520 3527 598 3576 recte
627 3514 806 3574 emendatum
829 3513 860 3572 iu
882 3515 959 3575 rehu
980 3528 1010 3576 et
1029 3538 1111 3579 rece-

50 3644 53 3652 ,
89 3628 138 3665 um
160 3604 339 3684 aptatisque
366 3600 437 3662 Edd.
456 3619 551 3681 nuper
574 3609 683 3657 temere
707 3596 885 3655 reduxerunt
904 3598 1017 3658 Brotcr.
1039 3600 1110 3660 See-

98 3688 125 3748 d.
158 3686 269 3747 Dronk.
298 3685 425 3756 Osann,
464 3680 541 3763 quod
565 3691 687 3760 propter
711 3677 854 3749 adiectum
879 3683 975 3760 manue
998 3680 1112 3743 admitti

54 3769 166 3851 nequit.
202 3767 346 3827 Extrema
366 3787 438 3847 pars
455 3761 541 3825 Bruti
560 3761 708 3830 referenda
727 3760 762 3820 ad
779 3781 823 3840 ep.
843 3764 928 3827 89,-
941 3766 988 3821 92.

103 3876 106 3880 ·
136 3860 199 3910 sua'
211 3854 312 3922 initia,
332 3871 399 3908 suos
414 3839 541 3922 gradus,
559 3864 631 3903 suae
649 3842 837 3922 eloquentiae]
858 3842 993 3923 Exempla
1011 3846 1109 3907 anadi.

55 3932 147 4016 piosis
173 3934 241 3993 Tac.
266 3931 387 3991 usitatae
405 3939 540 3992 exstant:
571 3924 645 3987 Dial.
666 3931 713 3983 36.
740 3925 807 3985 irinc
830 3957 865 3968 -·
887 3924 952 3984 hine
971 3938 1044 4004 etc,
1066 3929 1107 3992 ih.

55 4017 88 4076 tu·
110 4048 148 4060 «-
167 4016 220 4075 hos
236 4027 308 4087 etc,
335 4016 382 4073 40.
405 4015 504 4072 amnia
522 4041 562 4073 .·-
584 4010 681 4068 omnia
701 4017 773 4082 etc,
799 4004 838 4069 ib.
858 4004 947 4066 donec
966 4010 1048 4072 nulla
1068 4044 1107 4060 ..-

54 4099 154 4161 nalla:
176 4098 229 4159 vd<
242 4095 386 4158 Eekstcin.
406 4094 539 4175 Prolegg.
558 4114 586 4173 p.
604 4097 652 4151 82.
1068 4140 1070 4143 .
1090 4124 1103 4143 ‚.

136 4200 169 4242 se
187 4180 269 4263 apud
288 4179 325 4262 Q.
344 4178 471 4240 Macram
490 4177 537 4237 ins
552 4172 636 4237 cirita
655 4170 801 4252 didicisse]
826 4170 866 4255 Q.
885 4172 999 4238 uuam
1018 4176 1108 4244 Scae-
1216 4202 1220 4211 ¹
