2634 4656
189 260 262 317 tte.
515 254 672 337 Dialogus
694 255 732 316 cie
757 253 941 317 Oratoribru
1007 208 1009 213 Ι

189 408 298 483 debet.
351 406 497 507 Ideoque
523 418 567 481 et'
586 409 668 481 iuris
695 409 798 483 civilis
832 407 1001 507 scientiam
1030 422 1158 480 veteres
1191 434 1266 481 ors·

190 527 278 581 tores
312 507 638 608 comprehendebant
667 526 699 583 et
733 507 963 605 grammatice,
1003 506 1129 581 musice
1138 526 1160 597 ‚j
1187 502 1267 605 ge‘o·

191 681 262 749 bare
290 644 381 737 debet¹
401 676 499 758 recepi
519 699 543 738 c.
564 678 661 737 Boett.
683 662 798 737 Walth.
820 677 910 752 Rite,
942 658 999 758 pio
1028 697 1084 758 qua
1108 678 1129 735 ι,
1159 676 1266 821 sang?

192 761 388 824 coniecturam
408 763 458 842 qui
477 761 578 842 quasd.
599 771 657 819 ort.
678 761 817 833 barre-ire,
848 760 946 819 omnes
975 761 1067 819 libare
1087 760 1193 819 leuiter

191 845 240 923 bet
259 843 290 902 iu
312 854 393 903 textu
417 842 516 923 posuit
535 843 641 915 bach„
669 842 776 921 inqua
802 842 879 901 inest
901 841 1085 922 pleonasmus
1107 842 1206 901 libare
1225 843 1266 903 le·

194 930 266 988 viter
286 945 346 985 non
368 923 524 995 serendus,
550 946 640 1003 quum
660 924 753 983 libore
773 936 804 982 et
822 924 952 983 delibare
973 924 1027 982 iarn
1048 945 1102 1004 per
1120 944 1154 984 se
1175 922 1266 1007 sigui·

194 1010 283 1077 ficent
303 1005 407 1067 leviter
426 1004 534 1084 aliquid
552 1007 705 1087 degustare
720 1017 749 1065 et
770 1005 851 1084 qnasi
871 1003 1048 1086 prirnoribus
1063 1003 1155 1067 Iabeis
1178 1006 1266 1067 attiu-

195 1111 281 1173 geter
316 1087 420 1148 deinde
441 1087 660 1147 transferuntur
682 1088 718 1147 ad
744 1088 904 1147 notandum
925 1087 1085 1169 parciorem
1107 1086 1270 1157 cuiusnam·

194 1169 314 1253 querci
337 1192 422 1229 usum
443 1181 473 1230 et
492 1169 738 1250 experimentum,
769 1170 816 1228 vd.
837 1169 982 1229 Schware.
1008 1169 1043 1228 ad
1063 1167 1138 1227 Ptin.
1159 1170 1266 1253 Paneg.

195 1259 245 1315 28.
272 1251 336 1312 init.
355 1250 420 1333 (nbi
440 1251 469 1310 in
491 1249 584 1312 Codd.
603 1251 724 1311 contusa
745 1263 815 1311 sunt
835 1251 942 1311 libasse
968 1248 1184 1332 etqliberasse).
1205 1250 1267 1313 Ge.

197 1336 232 1397 dc
254 1334 337 1394 Orat.
356 1336 380 1407 Ι,
404 1338 454 1408 34,
479 1338 544 1392 159.
571 1330 705 1393 libandos¹
724 1337 814 1393 etiarn
835 1355 873 1392 ea·
899 1337 992 1393 onmis
1016 1354 1124 1407 genere
1144 1334 1267 1395 urbani·

197 1419 269 1478 tatis
278 1412 461 1494 sacetr'arum
480 1417 599 1498 quidam
618 1417 716 1497 lepos,
740 1437 795 1498 quo
818 1425 957 1498 tanquam
978 1416 1268 1498 sale'perspergotur
1300 1408 1304 1419 ¹

200 1501 294 1561 omnis
312 1501 416 1558 oratio.
443 1497 532 1558 Tusc.
554 1501 592 1573 V,
613 1503 664 1572 29,
684 1504 732 1558 82.
760 1501 897 1581 quoniam
922 1507 952 1556 ·te
964 1498 1053 1564 ¹nulla
1074 1498 1200 1557 uincula
1212 1502 1268 1559 im·

196 1581 317 1664 pediunt
345 1573 430 1639 uilius
456 1590 554 1647 certae
582 1580 749 1662 disciplinae
774 1580 902 1662 libasque
931 1600 968 1638 ea·
996 1579 1145 1654 omnibus,
1175 1580 1267 1662 quod-

108 1709 111 1713 <
200 1682 317 1743 cunque.
336 1672 366 1721 te
392 1664 522 1721 manime
549 1666 644 1743 specie
671 1665 801 1725 ueritatis
828 1671 929 1720 moret.
967 1659 1071 1735 Quint.
1095 1662 1147 1735 tv,
1163 1668 1267 1737 2‚·55.

200 1745 309 1805 Omnia
325 1744 461 1826 denique,
482 1765 557 1826 quae
574 1747 735 1803 tractaturi
743 1764 860 1817 sumus,
880 1746 1051 1802 narratione
1067 1741 1267 1805 delibabimus.

202 1826 289 1887 Orid.
304 1828 380 1885 Fast.
402 1829 423 1900 Ι,
440 1831 506 1884 159.
546 1822 674 1907 Quisque
689 1846 760 1884 suas
775 1835 856 1884 artes
878 1825 913 1885 ob
927 1823 1003 1883 idem
1020 1824 1132 1885 delibat
1144 1827 1267 1902 agente

202 1907 284 1984 Quid
305 1907 346 1968 sit
372 1908 491 1967 baurire
516 1909 563 1968 vd.
584 1907 657 1968 DiaI.
677 1914 716 1967 28
737 1919 766 1967 et
786 1913 833 1967 30.
885 1909 928 1965 Ut
950 1906 978 1966 b.
1001 1905 1019 1965 I.
1040 1908 1164 1967 baarire
1183 1920 1215 1969 et
1232 1910 1267 1969 ii·

204 1991 286 2064 bare‚
308 1983 350 2049 sic
364 1990 467 2049 Senes.
481 1990 535 2070 Ep.
549 1996 598 2050 36.
614 1989 689 2050 laud.
707 2011 787 2070 supr.
801 1989 835 2049 ed
850 2011 893 2068 ep.
909 1995 960 2049 28.
973 2001 1046 2048 extr.
1061 1992 1138 2065 tingi
1155 2001 1188 2051 et
1202 2012 1267 2073 per·

195 2070 286 2152 fiendi
300 2071 356 2131 sibi
376 2083 575 2151 opponuntur.
616 2072 661 2131 De
679 2071 821 2131 sententia
842 2071 877 2131 cs.
899 2068 961 2131 Cic.
980 2071 1063 2131 Orat.
1084 2073 1109 2146 I,
1120 2076 1182 2149 50,
1202 2080 1266 2133 218.

203 2153 251 2215 Ae
271 2157 301 2212 si
317 2157 376 2212 iarn
398 2155 496 2232 piacet
515 2174 613 2212 ornnes
632 2161 718 2234 artes
737 2157 853 2211 oratori
869 2153 1067 2229 subiungere‚·
1087 2155 1267 2215 tolerabilius

205 2246 249 2295 est
268 2238 426 2315 sic-potius
446 2234 561 2310 dicere,
582 2245 631 2309 ut,
651 2238 787 2317 quoniam
808 2235 925 2294 dicendi
935 2233 1068 2313 facultas
1087 2258 1147 2294 nou
1166 2237 1266 2311 dedam

206 2338 268 2377 esse
285 2320 383 2377 ieiuna
405 2327 434 2376 ct
451 2317 548 2391 nuda,
564 2315 622 2395 sed
639 2336 761 2399 aspersa
780 2326 866 2399 atque
882 2317 1020 2376 distincta
1040 2319 1203 2379 multarum
1223 2338 1287 2391 ro,

207 2421 272 2459 rum
292 2398 421 2458 iucunda
436 2399 564 2482 quadam
587 2403 745 2476 uarietate,
772 2402 812 2458 sit
834 2400 902 2458 boni
927 2401 1054 2459 oratoris
1072 2401 1170 2459 multa
1190 2404 1266 2461 auri-

207 2482 260 2543 bus
285 2485 440 2564 accepisse,
477 2483 570 2541 multa
604 2482 725 2555 uidisse,
758 2482 852 2540 multa
885 2484 984 2541 annno
1019 2490 1047 2538 et
1082 2485 1266 2565 aequatione,

182 2632 186 2645 Ι
209 2546 302 2624 mdlta
327 2567 416 2623 etiam
444 2563 563 2639 legando
588 2567 768 2645 percurrisse
794 2583 886 2646 neque
906 2584 944 2621 ea
963 2574 995 2623 ut
1015 2583 1071 2622 sua
1096 2565 1266 2646 pomedrbse,

207 2645 262 2706 sed
281 2655 312 2720 ut
334 2646 433 2705 aliena
449 2647 564 2705 libasse.

291 2725 435 2822 Ideoque]
471 2725 504 2787 C.
526 2729 558 2787 L.
580 2727 670 2789 Roth.
698 2727 729 2787 in
756 2736 951 2788 commentatt.
976 2725 1127 2786 Tacitann.
1156 2727 1266 2810 specim

210 2806 346 2889 exscript.
366 2831 395 2882 ru
416 2808 540 2881 Seebod.
559 2810 595 2869 N.
616 2809 735 2871 Archiv.
757 2815 843 2869 1829.
863 2832 891 2891 p.
912 2813 950 2868 85
962 2829 1005 2887 sq.
1032 2808 1069 2867 de
1090 2811 1267 2895 copulaque

209 2888 295 2951 initio
314 2889 427 2970 periodi
448 2891 523 2971 apud
543 2892 674 2953 Tacitum
694 2891 805 2973 posita,
826 2913 842 2951 c
863 2910 921 2971 qno
936 2901 1051 2970 praeter
1063 2890 1175 2953 multos
1190 2892 1266 2955 loco

210 2971 290 3032 Irunc
314 2972 574 3056 quoqueDiangi
597 2974 740 3050 laudarit,
767 2973 842 3033 bene
870 2971 1006 3032 observat
1032 2993 1093 3033 eam
1115 2973 1160 3035 sic
1185 2996 1268 3039 usat-

211 3053 292 3137 pari,
313 3066 347 3113 nt
368 3075 452 3136 saepe
470 3055 500 3114 in
521 3056 670 3116 notionem
684 3056 847 3115 brutiorum
860 3052 1063 3136 particularum
1077 3059 1188 3131 etiam,
1209 3076 1268 3117 rere

212 3135 302 3209 abeat.
337 3136 414 3196 Anu.
443 3139 479 3212 II,
507 3143 555 3198 37.
604 3139 765 3221 Censusque
790 3136 972 3219 quorundam
989 3147 1168 3197 ‚senatorum
1195 3142 1269 3200 iuuit.

213 3220 265 3286 xl,
295 3224 351 3278 22..
384 3221 559 3301 ·Mansitque
588 3221 748 3281 consulibus
799 3229 909 3297 otestqs
943 3217 1095 3292 deligendi.
1134 3221 1216 3298 XIII,
1243 3227 1269 3283 2

213 3300 370 3382 ibaturque
397 3303 566 3379 monades,
592 3307 625 3361 ni
641 3307 737 3362 issent.
777 3243 823 3361 Ite
843 3300 1054 3383 consuetudine
1079 3300 1202 3363 Liviana
1220 3305 1270 3365 te

212 3381 295 3442 brius
316 3382 357 3455 ‚ad
382 3383 488 3458 XXIII,
513 3390 562 3460 13,
582 3391 610 3444 8.
638 3397 718 3446 recte
746 3383 847 3444 statuit
877 3381 1035 3443 innumeris
1065 3380 1141 3449 Iocis
1168 3404 1269 3447 narn

213 3462 463 3542 enunciationem,
490 3466 542 3527 sed
562 3487 634 3547 quae
654 3489 715 3527 rem
738 3465 884 3526 contineat
902 3464 941 3524 ita
962 3485 1027 3524 cnm
1049 3463 1203 3544 prioribus
1223 3488 1270 3529 eo-

213 3545 395 3619 haerentem,
423 3560 457 3607 ut
480 3570 536 3630 pro
562 3549 773 3630 complemento
794 3547 841 3608 vel
868 3545 1023 3628 appendice
1050 3566 1155 3609 eornm
1176 3546 1272 3611 haberi

212 3627 323 3710 possit,
349 3628 467 3712 adiungi
486 3653 539 3712 per
558 3653 628 3714 que:
657 3631 686 3691 II.
713 3632 902 3710 Dictatorque
925 3636 989 3688 bum
1014 3629 1145 3702 Magone
1164 3635 1198 3691 iu
1217 3630 1272 3693 Hi·

210 3713 347 3792 spaniam
367 3716 541 3773 missusest.
565 3718 680 3787 15,15.
717 3714 866 3795 Laetaque
891 3713 985 3769 iuueni
1001 3714 1153 3791 promissis
1207 3734 1270 3774 uum

211 3797 351 3872 eximium
380 3794 455 3855 drino
482 3795 544 3855 dat.
573 3799 689 3868 17,11.
728 3795 819 3878 quue
843 3793 1022 3875 praesidium
1042 3735 1271 3856 omninibus-

212 3875 284 3935 baut
301 3876 435 3937 Romani.
476 3877 526 3938 Sic
552 3898 569 3936 a
595 3876 776 3952 Quintiliano
795 3877 997 3955 frequentatur
1015 3872 1137 3956 ideoque
1163 3878 1202 3937 ad
1222 3899 1272 3939 au.

212 3957 367 4017 nectendas
390 3959 548 4019 sententias
559 3958 651 4019 initio
671 3958 785 4040 periodi
803 3957 948 4040 positum:
979 3954 1060 4030 M,
1077 3961 1115 4016 13
1130 3952 1223 4020 esee.
1241 3964 1272 4033 5,

216 4043 261 4101 16.
289 4039 423 4100 BonneII.
450 4041 519 4100 Lex.
547 4041 650 4116 Quint.
670 4064 693 4101 s.
713 4040 796 4109 ideo,·
819 4041 859 4100 de
880 4060 941 4120 quo
961 4036 1082 4118 aliisque
1102 4040 1218 4123 scriptt
1237 4039 1272 4102 el·

212 4120 305 4187 Haud.
326 4142 444 4201 quoque
463 4123 550 4184 Trrrs.
572 4123 638 4184 I'oI.
660 4125 707 4185 III.
728 4146 756 4204 p.
778 4127 844 4183 181.
930 4156 933 4161 ·
966 4177 969 4185 .

289 4208 550 4286 agrammatus,
568 4211 691 4281 msulae,
708 4209 885 4282 geometrice
901 4201 1122 4286 imbuebantur]
1152 4205 1179 4265 E
1200 4200 1271 4267 cot
