2634 4656
323 52 347 90 ·'
386 86 417 127 ἢ

139 314 250 404 ,ονΙ
393 294 686 379 :aathtt
1087 306 1126 371 fit
1222 366 1225 386 ‚

36 474 133 523 nune
164 446 337 550 principes
372 447 409 524 iu
444 448 597 525 Caesaris
629 449 775 527 amicitia
808 468 913 550 agunt
946 453 1126 558 feruntque

37 564 162 623 cuncta
188 557 288 647 atque
321 548 466 649 abipso
494 549 748 651 principatum
799 552 918 627 uadaur
942 558 1126 635 reverentis

29 646 246 745 diliguntur,
279 649 358 746 quia
386 649 632 749 Vespasianus,
665 579 862 723 venerditis
884 679 984 724 senex
1006 670 1038 726 et
1062 683 1123 754 pa-

27 746 259 844 tientissimus
280 747 366 837 veri,
390 747 476 820 hene
501 746 671 846 intelligit,
697 765 823 823 ceteros
843 750 978 850 quidem
997 753 1122 826 amicos

37 873 120 919 suos
142 844 186 925 iis
209 844 289 933 niti,
316 874 401 945 quae
424 845 564 946 abipso
590 847 778 949 acceperint
797 877 950 950 quaeque
974 850 1039 951 ipsi
1066 879 1121 933 aa·

36 943 210 1040 cumulare
239 960 273 1021 et
293 946 329 1023 iu
353 944 437 1019 ulios
459 973 639 1042 congerere
664 964 856 1047 promptum
884 967 950 1037 est,
977 948 1120 1025 Mareel-

35 1041 106 1116 lum
139 1059 250 1117 autem
287 1061 319 1124 et
351 1045 506 1146 Crispum
541 1044 689 1120 attulisse
725 1047 768 1120 ad
801 1048 977 1121 amicitiant
1009 1077 1118 1139 suam,
1155 1109 1158 1113 -

36 1141 132 1245 quod
155 1170 226 1215 non
243 1170 262 1215 a
280 1143 435 1250 principe
459 1145 647 1245 acceperint
672 1173 733 1220 uec
751 1146 857 1247 accipi
880 1148 996 1249 possit.
1050 1149 1120 1221 Mi,

116 1283 269 1361 principes
287 1283 318 1341 in
338 1285 475 1343 amicitia
488 1281 628 1341 Caesaris
666 1283 688 1342 1.
709 1303 733 1343 e.
754 1281 907 1364 principes¹
925 1296 1012 1360 suut,
1033 1286 1118 1367 prin-

34 1362 130 1446 oipem
149 1362 249 1423 locum
267 1373 371 1423 tenent
389 1362 468 1424 inter
486 1363 594 1424 amicos
615 1364 755 1424 Caesaris.
785 1363 974 1425 Abstractum
995 1379 1040 1426 ost
1059 1388 1117 1447 pro
1240 1364 1244 1371 ’

33 1456 186 1507 concreto.
215 1443 294 1505 Aua.
315 1447 353 1520 ΙΙ,
374 1451 424 1506 27.
465 1445 595 1504 Firmius
617 1445 713 1522 vCatus
733 1457 855 1505 senator
882 1468 920 1506 eat
941 1451 1046 1507 intima
1062 1450 1116 1509 Li·

10 1528 117 1599 ‚tants
137 1529 282 1587 amicitia.
311 1524 353 1586 lb.
376 1532 425 1587 77.
462 1527 613 1587 Domitius
641 1527 726 1587 Celer
752 1543 790 1586 'cx
815 1531 921 1588 intima
948 1534 1011 1589 cius
1037 1534 1116 1591 ami-

23 1612 117 1678 citia.
159 1605 206 1670 (ΙΙ.
226 1607 340 1667 Histor.
363 1610 415 1685 lV,
437 1615 560 1670 6-10.
580 1610 726 1675 tat-tt.
748 1609 830 1669 Suet.
852 1613 941 1690 Vesp.
966 1616 1012 1671 15.
1032 1631 1039 1658 ⁸

123 1698 217 1764 agunt
235 1687 396 1767 seruatque
421 1701 527 1751 cuncta
581 1690 732 1764 Agerent
750 1689 837 1768 serre
863 1690 970 1772 (agere
1003 1703 1115 1753 ramere

31 1769 112 1835 ltist
125 1771 149 1846 Ι,
164 1777 205 1846 2.,
225 1770 278 1831 sed
291 1769 427 1831 usitatius
449 1783 494 1831 est
522 1792 588 1831 erra
607 1782 637 1830 et
653 1792 744 1845 agere
762 1771 826 1830 Lir.
841 1772 935 1848 ΧΧΙΙ,
951 1779 979 1832 3.
1004 1775 1054 1850 ΙΙΙ,
1064 1780 1113 1837 37.

30 1874 59 1914 v.
79 1854 100 1912 l.
117 1853 150 1912 F.
165 1852 302 1912 Gronov,
319 1851 465 1913 Obserrr.
481 1875 510 1933 p.
527 1849 630 1932 633),
652 1853 732 1932 quod
746 1853 907 1933 respondet
923 1856 1026 1914 Graec.
1042 1855 1115 1931 ἄγειν

29 1946 75 1997 snt
94 1940 185 2012 plaut
211 1931 274 2015 (vd.
294 1934 433 1995 Boruem.
462 1935 498 1993 ad
526 1932 662 2014 Xenoph.
684 1932 796 2020 Cyrop.
815 1936 865 2010 ΙΙΙ,
886 1941 914 1997 2.
942 1936 996 1995 Ed.
1019 1936 1113 1997 Goth.

29 2014 137 2077 Baehr.
152 2015 190 2075 ad
205 2015 352 2093 Blutaroh.
367 2014 476 2100 Pyrrh.
498 2037 526 2096 p.
545 2021 624 2091 116,
645 2028 675 2076 at
695 2023 783 2094 ptura
801 2028 845 2076 unt
863 2016 935 2091 atym
948 2017 1005 2077 alio
1022 2039 1112 2081 seusu

29 2097 78 2159 vd
98 2096 132 2167 iu
154 2097 275 2157 Passer.
294 2098 366 2157 Lux.
386 2119 409 2157 s.
431 2095 522 2178 dyo),
544 2097 572 2157 h.
594 2096 613 2157 Ι.
636 2118 698 2158 uon
718 2097 863 2180 siguificat
882 2099 1043 2176 devastare,
1065 2099 1111 2161 di.

28 2178 146 2276 ripere,
175 2177 228 2237 sed
247 2199 368 2260 regere,
399 2178 556 2258 disponere
576 2178 674 2239 omnia
701 2200 738 2240 ex
760 2199 816 2244 suo
836 2179 976 2256 arbitrio,
1006 2193 1039 2240 ut
1059 2203 1112 2241 ex-

28 2259 149 2343 plicavit
168 2257 251 2325 Cort.
271 2260 308 2319 ad
328 2257 396 2321 Sall.
419 2258 483 2321 Cat.
504 2267 536 2336 2,
558 2266 586 2320 3.
613 2265 731 2321 animus
751 2296 790 2307 -
810 2265 875 2337 agit
903 2273 993 2343 atquc
1020 2263 1112 2323 tradet

28 2352 146 2405 eunom
169 2339 262 2402 Orell.
282 2363 310 2421 p.
331 2341 405 2401 Llll.
447 2343 523 2401 »Pro
544 2362 600 2401 suo
627 2341 768 2402 arbitratu
793 2363 826 2402 ac
846 2342 942 2402 lubitu
964 2344 1042 2403 iuste
1063 2343 1111 2403 in,

28 2422 124 2498 iuste,
153 2421 314 2495 clementer
332 2443 452 2497 severe,
483 2423 515 2481 in
537 2421 673 2483 omnibus
696 2424 784 2483 rebus
805 2435 920 2504 agunt«
961 2425 1108 2487 Boetticlr.

27 2506 98 2569 Lex.
117 2505 187 2565 Tuo.
205 2524 235 2584 p.
260 2508 328 2569 197.
346 2503 493 2565 intellexit
511 2503 548 2565 de
570 2502 629 2578 rip
644 2524 731 2583 quam
758 2503 824 2583 quis
845 2503 967 2586 iugenio
989 2517 1019 2565 et
1041 2526 1109 2567 ora-

25 2586 110 2649 tione
123 2595 265 2648 exerceat

110 2667 284 2727 uenerabilis
308 2663 417 2748 sonex]
447 2664 645 2746 Vespasianus
671 2675 735 2724 tum
760 2685 869 2725 aunum
896 2664 1110 2737 astans'LXV

25 2747 138 2835 agebat
158 2748 207 2809 vd.
227 2768 271 2828 cp.
297 2752 343 2807 17.
365 2759 396 2808 et
415 2750 498 2809 Suet.
520 2751 638 2828 Vespas.
658 2749 708 2806 24.
732 2805 736 2815 ,

90 2896 95 2904 ,
106 2832 340 2909 patientissimus
360 2827 436 2911 ucri]
466 2826 540 2889 Cod.
560 2830 645 2889 Fara.
665 2828 745 2889 unde
764 2826 877 2909 primum
896 2829 1009 2909 recepit
1026 2827 1061 2887 Li
1083 2850 1108 2890 s.

26 2931 156 2991 eumque
179 2908 275 2973 secuti
304 2909 420 2972 Pithos.
440 2909 585 2970 Gronov.
614 2908 730 2969 Schulz.
752 2909 869 2970 Seebod
906 2909 999 2984 Orell.
1015 2851 1107 2977 reik,

24 2991 175 3056 Boettiet.
202 2994 280 3072 Rup.
308 2991 381 3053 Rite
410 2987 503 3051 Barla?
527 2996 571 3051 uir
599 2989 693 3052 Codd.
722 2993 787 3051 Par.
815 2990 903 3063 Viod.
933 3001 1004 3052 vett.
1031 2992 1107 3059 Edu.

23 3074 99 3135 Era.
127 3073 228 3136 Oberl.
256 3072 371 3133 Drouk.
401 3072 511 3133 Osann.
541 3074 643 3133 Seuer.
672 3072 708 3131 de
741 3076 782 3133 lra
804 3074 852 3147 ΙΙΙ,
873 3078 921 3132 36.
955 3073 1022 3138 uide,
1048 3094 1106 3138 nort

23 3165 161 3232 tantum,
188 3176 228 3215 an
250 3175 347 3214 verum
375 3157 430 3228 sit,
458 3153 539 3237 quod
565 3155 655 3226 dicis,
684 3153 738 3212 sed
763 3175 803 3212 an
823 3155 889 3227 illc,
918 3157 967 3211 cui
986 3153 1106 3231 dicitur,

24 3241 89 3299 ocri
103 3241 223 3316 patiens
240 3240 288 3297 sit.
324 3234 410 3297 Cart.
430 3237 454 3311 Ι,
475 3242 506 3308 2,
533 3239 560 3294 1.
599 3235 706 3316 Itaque
728 3232 865 3316 (Darius)
888 3238 1020 3294 ocritotis
1049 3238 1107 3293 im-

20 3323 143 3398 patiens
162 3320 306 3398 hospitem
326 3338 365 3378 ac
386 3319 548 3398 supplicem
569 3348 606 3361 »-
636 3317 774 3375 abstrahi
797 3320 882 3375 iussit
905 3316 948 3375 ad
976 3318 1107 3396 capitale

22 3400 208 3482 supplicium.
235 3399 286 3460 sic
306 3397 368 3460 Cic.
388 3420 433 3480 pr.
453 3398 549 3479 Ligur.
572 3403 600 3456 8.
622 3397 658 3457 de
679 3395 817 3457 Caesare:
849 3408 881 3456 ut
899 3418 936 3456 nc
956 3396 1107 3476 offendam

23 3493 93 3543 tuas
114 3484 349 3561 patientissimas
374 3501 471 3539 aures.
513 3479 593 3538 Haeo
621 3478 759 3558 patientia
786 3477 921 3538 laudatur
945 3500 960 3538 a
981 3480 1106 3539 Suetou.

23 3584 144 3645 qnoque
168 3566 256 3644 Vesp.
283 3567 329 3623 13.
371 3561 545 3621 Amicorum
573 3559 758 3635 libertatem,
785 3561 1003 3618 causidicorum
1019 3558 1107 3637 figu-

23 3666 76 3705 ras
96 3664 136 3709 ac
160 3645 403 3723 philosophorum
422 3644 638 3705 contumaciam
660 3644 806 3700 lenissime
834 3643 908 3700 tulit.
952 3641 1037 3719 Adde
1060 3661 1106 3720 cp·

25 3729 63 3788 14
75 3737 116 3787 'et
140 3730 186 3791 15.
214 3726 339 3806 Eutrop.
360 3725 426 3799 Vll,
449 3728 495 3785 13.
540 3720 727 3800 Offensarum
755 3733 785 3780 ct
804 3725 1025 3781 inimicitiarum
1048 3724 1105 3781 im-

23 3828 137 3867 memor
146 3805 219 3886 suit.
274 3807 416 3866 Corroicia
435 3825 456 3863 a
476 3803 636 3865 causidicis
656 3814 685 3862 ct
708 3805 890 3883 philosoplis
917 3807 947 3867 in
969 3823 1001 3861 sc
1022 3802 1107 3869 dicta
1148 3812 1150 3816 '

22 3890 129 3951 lauitcr
147 3891 224 3948 tulit.
249 3887 351 3960 ‚Ilion
372 3885 453 3946 Cass.
473 3887 577 3959 LVlll‚
602 3890 648 3943 11.
690 3883 819 3944 Orellius
843 3883 870 3942 lu.
891 3881 910 3940 l.
943 3882 985 3942 sic
1012 3883 1107 3965 expli·
1203 3911 1205 3914 ⁴

22 3970 100 4031 ruit:
122 3968 175 4049 qui
194 3967 347 4031 veritatem
368 3989 458 4047 quum
479 3965 597 4025 minime
617 3965 730 4040 oderit,
752 3964 869 4025 minime
890 3964 975 4024 uobis
997 3964 1106 4026 irasce-

20 4062 71 4113 tur
97 4051 140 4116 ita
166 4051 203 4111 de
224 4049 317 4130 Eprio
340 4059 371 4109 et
390 4048 479 4107 Vibio
504 4046 714 4126 loquentibus,
743 4046 876 4109 etiamsi
898 4046 962 4126 quis
984 4058 1106 4111 nostros

20 4132 185 4199 aliorumve
205 4129 314 4193 similes
331 4150 483 4191 sermones
504 4129 542 4187 ad
563 4148 629 4189 euna
651 4127 771 4187 delerat.
1074 4180 1077 4185 .
1103 4184 1107 4189 ,

100 4213 184 4296 quod
203 4232 263 4275 nou
275 4214 446 4293 aprinc‘pre
464 4212 635 4291 acceperint
653 4227 707 4269 nec
723 4210 823 4289 accipi
836 4204 950 4290 possit]
972 4205 1107 4274 Varistae

772 4329 775 4333 .
846 4298 896 4363 ,μ
