2634 4656
95 238 140 301 60
414 196 576 316 'Dialogus
598 233 635 294 da
660 231 847 295 Oratoribus
938 318 940 323 ¹

94 404 216 463 nasset.
273 385 457 461 Pulchrum
484 386 521 458 id
554 385 709 486 quidem,
742 384 984 482 indulgentiam
1010 385 1178 555 principis
1236 482 1239 489 Ι

95 488 231 583 ingenio
254 486 395 559 mereri:
421 502 547 585 quanto
569 503 680 559 tamen
703 483 897 586 pulchrius,
922 485 950 557 si
970 485 1021 558 ita
1044 511 1099 557 res
1142 512 1178 557 a·

96 586 235 660 miliaris
261 584 388 681 exigat,
414 612 451 658 se
474 586 586 686 ipsum
614 584 740 675 colere,
775 610 873 656 suum
899 584 1034 680 genium
1059 583 1179 685 propi-

90 763 192 839 gr'ario
209 777 374 841 magnaque
388 757 520 818 mercede
534 752 660 818 dinavit.
697 757 868 861 Quingenta
888 756 1025 820 sertertia
1045 755 1181 819 efficiunt

86 863 237 905 ‚summam
258 838 462 925 2289211121.
482 850 513 900 ct
536 845 576 900 28
599 841 705 900 Gross.

175 955 387 1030 indulgentiam
412 956 551 1036 principis
576 955 691 1028 ingenia
719 950 843 1034 merere]
886 953 1077 1028 indulgentia
1101 951 1122 1013 i.
1150 972 1180 1035 q.

95 1036 187 1181 gil-ptis
216 1055 249 1097 ac
275 1034 377 1111 lavor,
413 1035 535 1095 facilitas
571 1033 718 1094 annuendi
754 1032 906 1095 desideriis
943 1034 1180 1117 supplicantium.

82 1180 85 1187 ,
143 1140 171 1178 ιι.
191 1119 265 1199 Epp.
287 1119 326 1192 X,
347 1122 375 1176 3.
422 1117 608 1191 indulgentia
635 1126 705 1190 tua,
744 1116 911 1199 imperator
937 1122 1063 1200 optime,
1090 1137 1180 1202 quarn

94 1203 297 1283 plenissimam
315 1200 451 1280 experior
469 1198 538 1278 ibiq.
558 1197 738 1258 Rittrrsbus.
758 1200 798 1273 X,
820 1205 847 1258 2.
868 1203 918 1260 21.
941 1204 989 1259 92.
1013 1205 1083 1260 107.
1125 1202 1180 1261 Vo-

130 1286 252 1341 asianus
281 1302 298 1341 a
326 1281 408 1339 Suet.
439 1283 529 1360 Vesp.
560 1285 609 1340 21.
628 1279 853 1353 indulgentior,
888 1279 1079 1342 Traianus·a
1105 1280 1180 1343 Ptin.

95 1303 202 1445 ibneg.
220 1361 267 1422 90.
290 1363 556 1441 indulgentissimus
575 1360 743 1457 Imperator
762 1361 931 1442 appellatur.
972 1365 1090 1423 Moneri
1109 1362 1131 1422 i.
1152 1384 1181 1460 p.

97 1444 256 1524 consequi,
285 1443 440 1525 impetrare
466 1442 543 1524 apud
571 1454 730 1522 scriptores
761 1455 915 1524 argenteae
943 1454 973 1503 et
1003 1443 1181 1524 posteriores

75 1528 77 1535 '
96 1526 207 1586 aetatis.
234 1526 302 1585 Tac.
325 1524 403 1583 Hist.
423 1528 460 1599 11,
481 1530 529 1584 37.
548 1526 675 1599 gloriam
696 1545 871 1606 nomenque,
895 1525 1000 1600 Quint.
1013 1531 1066 1602 IV,
1082 1533 1113 1602 2,
1131 1532 1181 1587 39.

94 1611 229 1683 gratiam
250 1642 290 1656 -
311 1603 454 1684 offensam
474 1605 544 1685 ibiq.
565 1604 662 1685 Spald.
681 1604 755 1664 Plin.
777 1607 884 1688 Paneg.
907 1610 954 1667 74.
992 1607 1114 1680 *Ciuitas
1133 1629 1181 1668 ra-

97 1689 252 1763 ligionibus
271 1687 373 1746 dedita
397 1707 565 1769 semperque¹
586 1687 717 1777 Deorum
745 1687 955 1761 indulgentiam
975 1693 1093 1749 merita.
1124 1687 1192 1751 Cf.

96 1768 263 1935 ξιξὲιέιοξ.
287 1770 322 1829 ad
342 1770 466 1852 Eutrop.
487 1772 565 1846 vlll,
586 1772 615 1828 5.
649 1771 790 1829 Arntren.
811 1769 847 1828 ad
868 1770 975 1853 baurg,
1003 1783 1076 1833 vett.
1096 1771 1133 1831 T.
1155 1776 1182 1833 1.
1208 1864 1219 1881 .

176 1971 205 2026 si
222 1971 266 2025 itu
286 1986 334 2025 res
345 1963 513 2044 familiaris
534 1962 654 2046 exigat]
676 1965 767 2026 »Vide
790 1964 894 2040 Quint.
914 1969 985 2026 lust.
1007 1984 1052 2026 or.
1069 1970 1134 2044 ΧΗ,
1151 1972 1183 2043 7,

21 2045 23 2048 ’
99 2052 128 2108 9.
150 2057 183 2106 at
204 2051 231 2107 si
251 2067 297 2106 res
306 2045 474 2124 familiaris
494 2048 620 2126 amplius
641 2047 753 2128 aliquid
774 2048 816 2105 ad
832 2069 900 2107 usus
919 2052 1099 2109 accesserim
1118 2053 1184 2109 eai-

96 2139 147 2215 get
168 2164 208 2179 -
226 2132 358 2211 patietur
377 2129 434 2186 sibi
451 2131 583 2202 gratiam
605 2125 735 2205 referri«
765 2128 913 2189 Eckstcin.
934 2128 966 2188 in
985 2130 1040 2189 Ed.
1063 2128 1192 2191 walth..

128 2251 129 2255 ’
178 2263 210 2302 se
232 2246 326 2324 ipsum
343 2239 464 2382 colerep)
475 2238 586 2300 Ritteri
599 2240 688 2301 verba
703 2241 732 2310 h.
745 2241 764 2301 l.
779 2243 863 2304 uncis
880 2242 1026 2319 inclusum
1047 2243 1084 2304 de
1099 2230 1182 2327 glos·

99 2336 208 2386 temate
225 2334 393 2404 suspectum
410 2322 446 2382 ba
467 2321 543 2399 entis
558 2322 628 2383 baec
644 2335 727 2383 sunt:
750 2325 895 2384 »Genium
912 2324 1105 2405 propitiemus
1120 2325 1184 2388 sive

99 2406 262 2488 propitium
284 2405 424 2481 iacimus,
454 2426 521 2464 cum
543 2403 569 2465 ei
592 2403 776 2486 indulgemus
799 2427 924 2486 eumque
945 2427 1099 2479 curamusc
1131 2407 1184 2469 sed

99 2487 152 2567 qui
177 2487 294 2569 genium
316 2507 401 2547 suum
423 2497 523 2562 curat,
552 2507 584 2546 se
603 2486 699 2567 ipsum
727 2499 810 2547 curat
837 2497 876 2546 ct'
894 2486 972 2548 colit.
1022 2492 1124 2569 ltaque
1151 2509 1185 2549 sa

99 2568 195 2652 ipium
215 2571 308 2630 colere
327 2568 619 2649 interpretamentum
641 2580 687 2628 est
703 2589 806 2628 eorum
824 2590 896 2648 quae
911 2581 1079 2648 sequuntur
1098 2592 1184 2631 suurn

97 2654 215 2727 genium
234 2654 404 2732 propitiare.
441 2650 502 2724 Qui
525 2649 582 2710 boc
602 2650 695 2710 Taciti
716 2650 844 2710 ubertati
871 2672 957 2730 quam
977 2646 1186 2731 interpolatori

100 2730 233 2792 tribuere
254 2731 381 2805 malunt,
412 2742 552 2810 reputent
571 2731 649 2790 idem
669 2730 726 2792 dici
745 2732 872 2812 primum
893 2731 1062 2814 vulgaribus
1085 2733 1184 2794 verbis

18 2831 20 2835 ’
99 2832 134 2871 ac
153 2823 216 2870 tum
238 2831 314 2869 nova
335 2810 449 2871 ratione
470 2824 500 2870 et
520 2812 672 2891 exquisita,
695 2813 774 2893 qnod
796 2813 947 2894 indignum
965 2825 1011 2873 est
1030 2826 1089 2873 tam
1111 2814 1186 2879 scri-

136 2971 177 3032 ihi
204 2985 306 3054 contra
333 2973 451 3033 videtur
478 2973 509 3033 in
537 2974 635 3034 verbis
654 2996 687 3034 se
708 2979 801 3056 ipsum
823 3010 855 3021 -
883 2978 904 3036 Ir
925 2979 1093 3035 eralitatem
1115 2999 1132 3038 a
1152 2998 1185 3038 re

99 3054 198 3115 divina
217 3054 378 3136 desumptis
406 3054 503 3115 inesse
523 3054 654 3137 gradatio
682 3057 836 3136 quaedam:
865 3058 991 3138 priunum
1012 3057 1091 3119 enim
1112 3058 1184 3120 deos

102 3136 244 3212 colimus,
273 3136 379 3197 deinde
399 3156 451 3197 eos
472 3136 559 3197 nobis
581 3136 727 3218 propitios
748 3137 892 3214 iacimus,¹
919 3151 982 3199 tum
1005 3159 1111 3201 eorum
1131 3139 1185 3203 be·

99 3217 272 3300 nignitatem
292 3217 475 3299 experimen
497 3238 571 3298 quae
586 3220 735 3299 quomodo
751 3220 786 3279 ad
800 3219 950 3303 ingenium
965 3231 1070 3302 poetae
1087 3233 1186 3284 trans·

98 3297 156 3360 lata
176 3298 394 3379 interpretanda
417 3299 477 3360 sint
500 3298 576 3360 inira
597 3300 769 3362 videbimus.
830 3355 835 3374 ,

99 2902 187 3035 ppore
207 2890 349 2951 ubertatis
373 2891 507 2952 studioso
537 2915 622 2974 quarn
644 2913 696 2968 e0,·
726 2893 776 2974 qui
796 2905 886 2954 tenue
907 2916 1000 3034 genus
1022 2895 1184 2976 sequitur«

122 3412 124 3415 ’
182 3430 267 3468 suum
291 3414 409 3484 genium
435 3409 616 3494 propitiare]
652 3413 712 3472 Pro
739 3411 785 3473 bis
813 3412 912 3473 verbis
937 3413 969 3473 in
995 3411 1091 3476 Codd.
1120 3416 1185 3478 Par.

99 3487 188 3550 vind.
211 3501 241 3550 et
262 3501 333 3551 vett.
354 3491 429 3550 Edd.
452 3492 568 3553 omissis
590 3493 730 3555 exhibent
749 3492 842 3555 Codd.
863 3497 948 3555 Farn.
965 3495 1076 3558 Vaticc.
1097 3501 1185 3560 1862.

101 3575 190 3632 1518.
205 3594 290 3631 suum
308 3577 455 3648 ingenium
468 3578 630 3657 propitiare
643 3587 752 3657 recept.
768 3597 784 3636 a
801 3575 1056 3637 Seebod..Dronk.
1073 3578 1186 3639 Osann.

99 3656 159 3712 sire
188 3657 245 3730 ing.
276 3650 350 3714 Cot.
371 3656 446 3713 *Vct
475 3657 566 3715 4498.
617 3657 743 3740 Egregia
771 3657 934 3717 emendatio
960 3659 1038 3740 Lips.
1066 3664 1185 3735 genium

99 3732 222 3874 ppolppta
252 3745 297 3795 est
325 3734 475 3874 plerisqup
496 3736 585 3875 1⁴(2lddM
599 3737 972 3880 Glelniusfitcuipsvcrpltpls
993 3739 1028 3800 ab
1039 3741 1186 3881 8Ipstrnscis

101 3836 309 3979 tebatiiiiii
320 3837 535 3956 liciciririilnavsci
551 3839 635 3978 cicilie
648 3840 802 3962 {pmesrpcs
811 3841 899 3961 tintoi)
909 3842 1038 3985 idiunigi
1059 3866 1099 3962 aii
1110 3845 1187 3966 viiie

101 3974 192 4049 linem
219 3997 323 4058 regere
344 3998 410 4036 cnm
441 3988 471 4038 ct
496 3978 658 4052 moderari,
688 3981 810 4062 eiusque
838 3983 924 4043 saluti
952 3984 991 4043 ita
1018 3985 1201 4065 consulere,-

101 4066 184 4116 utet
202 4058 315 4134 omnia,
337 4078 411 4138 quae
432 4057 461 4118 ei
478 4078 587 4120 nocere
606 4073 637 4121 et
651 4061 977 4140 officereniderentur,
996 4064 1087 4125 ab‘eo
1100 4087 1187 4127 aver-

104 4148 261 4216 runcaret,
281 4150 313 4201 ct
328 4138 459 4208 omnium
475 4139 552 4205 vitae
571 4141 785 4208 iucunditatem
804 4157 837 4210 et
852 4145 1037 4230 uoluptatum
1055 4146 1188 4212 iunctm
