2634 4656
25 170 28 181 k
111 210 177 275 136
460 205 618 291 Dialogus
638 207 677 270 de
699 205 886 271 Oratorbins
967 283 969 287 Ι

110 361 199 438 enim
231 358 297 435 iam
322 359 376 433 ab'
394 374 525 434 oratore
548 360 647 434 etiam
674 360 827 463 poeticus
852 357 977 446 decor,
1012 385 1082 431 non
1108 356 1190 431 Attii

111 496 271 557 Gutruann.
292 491 367 552 bene
388 491 598 572 interpretatus
612 501 680 551 cst:
698 512 788 550 werra
808 491 856 553 ein
876 491 1017 552 Gedauke
1038 490 1070 550 ia
1090 489 1191 549 sehar-

110 576 181 638 fem'
197 572 317 658 (melius
337 572 527 654 treliendem)
554 574 627 633 oder
652 572 771 633 karaem
799 573 1003 669 Sianspruche
1028 571 1191 632 auiblitzte.

110 658 231 734 Arguta
249 660 394 717 sententia
415 666 477 730 est,
499 675 572 736 qnae
592 653 694 736 lepore
715 666 744 714 et
764 654 960 715 conclnmtale
976 654 1105 715 animam
1126 652 1193 712 atfi-

111 742 161 800 cit
201 737 262 800 cic.
284 740 369 798 Brut.
391 743 439 812 17,
462 743 510 796 65.
531 739 596 818 quis
609 734 753 816 (Catone)
775 770 811 783 -
835 740 971 811 argutior
986 741 1017 796 in
1031 737 1191 794 sententiis.

110 823 157 882 De
173 832 233 903 opt¹
254 828 320 901 getr.
338 840 382 880 or.
395 826 426 893 2,
443 823 471 878 5.
500 819 717 877 Sententiarum
734 827 833 876 autem
850 818 972 877 totidem
985 837 1099 892 genera
1112 822 1192 891 sunt,

111 914 181 986 quot
201 902 330 961 diximus
358 920 419 959 esse
443 899 582 959 laudam:
610 909 678 958 sunt
707 902 784 958 enim
812 898 938 958 docendi
956 909 1082 970 acutae,
1113 897 1192 955 dele-

112 984 216 1047 ctandi
241 985 327 1066 quasi
361 991 504 1056 argutae,
543 980 741 1042 commanendi
765 1001 879 1055 qraoes.
923 980 1028 1056 Quint.
1056 982 1121 1053 XII,
1144 982 1192 1053 10,

111 1074 161 1127 48.
184 1062 342 1126 sententias
362 1062 449 1122 utiles
466 1083 530 1122 esse
551 1061 641 1134 dixit,
672 1060 751 1140 qnod
780 1061 886 1129 feriant
914 1062 1042 1121 animum
1071 1071 1103 1120 et
1132 1079 1193 1119 nno

111 1147 173 1208 ictu
198 1146 371 1225 frequentes.
396 1143 544 1224 impellant
572 1155 601 1203 et
628 1142 691 1224 ipsa
721 1142 864 1203 brevitate
892 1144 982 1226 magis
1005 1143 1145 1202 haereant
1164 1151 1195 1200 et

113 1228 307 1289 delectatione
330 1226 532 1307 persuadeant.
582 1224 637 1284 Vd.
666 1225 737 1282 Era.
762 1225 831 1283 Lex.
863 1247 886 1284 s.
914 1235 1039 1300 argutus
1060 1235 1091 1283 et
1120 1243 1194 1282 acu-

113 1321 169 1370 tus.
210 1307 371 1388 Effulgere,
394 1306 471 1366 sicut
492 1310 651 1366 enitescere
673 1339 708 1350 -
732 1306 971 1387 exsplendescere
992 1341 1030 1353 -
1054 1308 1195 1378 emicare,

114 1393 254 1452 dicuntur
276 1411 328 1462 ea,
357 1409 430 1468 quae
461 1410 527 1448 cum
556 1386 672 1469 fulgore
700 1385 747 1447 vel
778 1387 934 1468 splendore
961 1384 1086 1448 emicant
1116 1383 1195 1466 (aui-

113 1470 246 1553 blitnen).
270 1470 395 1553 ⁸Quint.
416 1471 454 1542 X,
476 1477 506 1545 6,
528 1473 556 1527 5.
597 1469 659 1528 Sed
676 1472 704 1526 si
717 1466 800 1547 sorte
821 1472 927 1551 aliquis
942 1473 1019 1529 inter
1041 1467 1196 1528 dicendum

113 1552 256 1634 effulserit
278 1552 488 1632 extemporalis
508 1552 598 1608 color.
639 1549 713 1610 Plin.
735 1552 772 1609 H.
792 1550 828 1608 N.
842 1555 894 1626 lv,
917 1555 943 1611 1.
978 1551 1081 1611 Omnis
1099 1550 1198 1608 Grae-

113 1641 177 1696 ciae
205 1635 381 1710 fabulositas
407 1635 484 1692 sicut
514 1641 542 1690 et
570 1631 736 1697 litterarum
767 1633 892 1691 claritas
919 1653 957 1692 ea
985 1633 1042 1691 itae
1066 1635 1197 1715 primum

113 1722 179 1778 aaa
202 1714 320 1795 effulsit.
374 1713 478 1788 Quint.
501 1714 540 1785 X,
562 1717 592 1786 5,
616 1715 662 1772 14.
712 1713 814 1773 Alitur
845 1717 920 1773 enim
947 1724 1034 1798 atque
1065 1715 1198 1772 enitescit

115 1801 192 1859 oelut
234 1798 322 1856 aiulo
344 1797 468 1854 laetiore
481 1792 641 1874 facundia.
1010 1792 1015 1800 '

195 1820 429 1952 deriptionem
447 1881 508 1936 iam
523 1876 562 1934 ab
583 1884 701 1935 aratore
718 1879 808 1936 etiam
825 1881 958 1958 poeticas
972 1871 1080 1956 decor]
1104 1872 1199 1936 Codd.

23 2023 32 2039 κ
114 1962 180 2021 Par.
200 1960 290 2020 vind.
311 1969 382 2017 vett.
403 1958 476 2018 Edd.
498 1967 654 2016 exercetur
677 1961 771 2026 enim;
799 1955 873 2019 cod.
894 1961 958 2018 Far.
979 1961 1118 2032 exigetur
1141 1976 1198 2015 om.

115 2046 211 2117 enim,
233 2040 312 2101 unde
327 2039 409 2118 lips.
428 2042 558 2114 exigitur
578 2042 653 2097 enim
675 2050 783 2121 recept.
806 2061 821 2098 a
841 2060 921 2120 seqq.
951 2051 1068 2120 praeter
1090 2036 1199 2098 Ritter.

116 2128 193 2183 enim
208 2121 401 2182 omittentem.
430 2120 565 2180 Poeticae
578 2120 668 2178 decor
688 2119 707 2178 i.
723 2143 751 2200 q.
771 2121 905 2201 poeticos
920 2123 1066 2180 cuitus-
1076 2130 1199 2178 orantus

117 2201 328 2286 (dichterische
348 2198 572 2282 Ansstattang),
594 2222 654 2261 non
672 2201 807 2262 decoram
820 2213 975 2284 poetarum
996 2223 1040 2282 ap.
1061 2199 1126 2261 Cic.
1140 2198 1201 2260 Oli.

2 2356 4 2361 Ι
116 2289 142 2361 1,
156 2292 216 2359 28,
238 2281 455 2365 quod'intelligi
471 2282 536 2341 vult
551 2284 627 2364 Rup.
664 2284 882 2364 frequentatur
895 2284 952 2344 hoc
965 2305 1031 2342 vac.
1043 2305 1061 2349 a
1075 2280 1201 2357 Quinti·

116 2366 215 2442 liano,
243 2377 278 2425 nt
299 2365 386 2425 decor
413 2368 630 2445 compositionis
657 2367 707 2439 lx,
728 2369 758 2441 4,
780 2367 829 2426 44.
853 2369 920 2426 145.
949 2366 1039 2424 decor
1068 2367 1203 2423 scenicus

117 2452 155 2522 ll,
179 2452 229 2523 10,
254 2451 301 2506 13.
352 2447 399 2506 De
427 2445 571 2506 sententia
599 2445 626 2506 h.
649 2445 668 2504 l.
695 2446 731 2505 cf.
761 2447 867 2522 Quint.¹
896 2451 930 2519 11,
953 2450 984 2522 4,
1008 2452 1036 2506 3.
1061 2446 1147 2505 Serv.
1167 2443 1203 2503 ad

117 2529 201 2613 Virg.
221 2527 297 2588 Aen.
319 2532 360 2603 X,
381 2531 427 2587 10.
464 2528 567 2589 Senes.
589 2528 709 2588 Suasor.
731 2532 777 2587 111.
796 2549 825 2609 p.
847 2531 896 2588 24.
917 2525 982 2608 Bip.
1010 2528 1100 2610 Lang.
1123 2525 1203 2586 vind.

117 2623 192 2694 trag.
216 2613 308 2672 Rom·
333 2632 363 2691 p.
383 2614 432 2669 35.
473 2607 613 2669 Meiners.
641 2609 750 2670 Gesch.
771 2610 798 2669 d.
819 2609 901 2669 Veri.
930 2609 957 2668 d.
984 2611 1072 2669 Ram.
1093 2607 1204 2702 Litp.

121 2696 189 2752 119.
238 2693 406 2750 We'sterm.
435 2689 473 2750 G.
501 2690 528 2751 d.
558 2711 583 2749 r.
612 2690 646 2749 B.
677 2688 705 2832 Ξ.
734 2695 798 2756 32.,
815 2695 862 2751 13.
906 2691 952 2750 De
980 2689 1073 2749 nimio
1103 2688 1204 2749 studio

120 2785 291 2846 oratorum,
323 2792 383 2852 qno
412 2771 562 2851 poeticum
591 2770 675 2837 dicen
697 2770 706 2830 i
730 2794 824 2855 genus
852 2770 1026 2832 affectabant
1046 2782 1077 2831 et
1098 2789 1205 2831 versus

3 2868 9 2887 .
120 2865 192 2914 vett.
218 2862 403 2934 postumani
430 2851 550 2913 nomine
577 2851 691 2912 adiecto
712 2865 761 2913 ant
788 2853 899 2915 omisso
927 2852 1112 2913 orationibus
1144 2849 1206 2912 sais

120 2934 383 3014 interposuerant,
415 2933 452 2992 ci.
478 2933 583 3009 Quint.
614 2937 638 3010 1,
667 2939 697 3008 a,
728 2940 766 2993 10
795 2956 838 3015 sq.
886 2935 1018 3018 Denique
1047 2930 1208 2993 credamus

121 3018 243 3075 summis
264 3013 452 3088 oratoribus,
482 3019 533 3096 qui
553 3025 680 3075 aeterum
698 3027 840 3097 poemata
862 3019 906 3076 oel
924 3017 967 3075 ad
979 3014 1078 3096 fidem
1098 3033 1207 3074 caasa·

122 3120 187 3158 rum
210 3097 255 3156 oel
275 3095 318 3154 ad
338 3107 542 3156 ornamentum
570 3097 752 3179 eloquentiae
772 3107 933 3158 assumunt.
981 3097 1063 3159 Nam
1085 3097 1208 3176 praeci·

119 3200 177 3262 pue
199 3176 316 3261 quidem
338 3177 420 3259 apud
439 3177 624 3251 Ciceronem,
645 3176 819 3261 frequenter
844 3188 944 3238 tamen
964 3177 1046 3260 apud
1070 3176 1208 3237 Asinium

123 3263 215 3320 etiam
236 3269 267 3317 et
288 3256 418 3331 ceteros,
440 3263 492 3340 qui
502 3268 569 3318 sunt
586 3263 734 3339 proximi,
755 3260 879 3320 vidimus
893 3259 1003 3334 -Eanii,
1023 3257 1121 3334 Attii,
1143 3257 1233 3318 Pa·

124 3344 211 3415 auoit,
231 3338 350 3412 Lucilii,
371 3337 510 3415 Terentii,
531 3339 656 3400 Caecilii
674 3350 704 3399 et
723 3342 851 3402 aliorum
871 3345 961 3401 inseri
981 3361 1079 3400 oersus
1091 3356 1210 3399 summa

124 3443 183 3483 non
213 3420 385 3479 eruditionis
415 3421 501 3481 modo
529 3425 649 3496 gratia,
677 3421 731 3481 sed
757 3427 848 3482 etiam
877 3423 1087 3495 iucunditatis,
1115 3440 1210 3505 quum

123 3504 247 3587 poeticis
267 3501 463 3581 voluptatibus
481 3523 570 3562 aures
590 3524 610 3561 a
622 3501 741 3582 sorensi
758 3509 922 3587 asperitate
943 3508 1105 3585 respirent

210 3603 267 3642 non
293 3581 373 3643 Attii
397 3595 451 3644 aut
476 3583 603 3644 Pacaoii
629 3583 761 3682 aeterna]
792 3585 881 3646 Accii
908 3584 982 3646 cod.
1014 3587 1100 3644 Fara.
1129 3582 1213 3643 Actii

34 3715 41 3725 .
129 3662 222 3725 Codd.
243 3663 308 3723 Par.
330 3663 417 3724 Vind.
438 3677 509 3725 vett.
530 3665 604 3733 Edd.
625 3666 704 3725 Attii
720 3667 799 3748 Lrps.
828 3679 857 3728 et
878 3688 958 3746 seqq.
1013 3665 1116 3740 Quum
1139 3663 1212 3725 scri·

149 3757 214 3829 tura
236 3745 323 3805 huius
348 3766 426 3806 nom.
448 3768 548 3828 propr.
569 3745 643 3806 mire
663 3746 790 3807 fluctuet
818 3749 848 3808 in
876 3747 970 3809 Codd.
999 3746 1115 3827 scripit.
1138 3747 1212 3805 Luat

128 3769 179 3907 int
198 3847 306 3887 nomm.
328 3827 431 3888 Nacta
456 3862 490 3874 -
512 3829 615 3890 Nacta
633 3865 671 3877 -
693 3829 791 3890 Natta
812 3843 841 3891 et
864 3832 979 3889 Vectins
999 3865 1039 3878 -
1065 3830 1211 3887 Vetius-

134 3910 245 3968 Vettius
271 3909 320 3970 vd.
349 3909 464 3968 Waltlr.
492 3910 527 3968 ad
554 3911 623 3969 Tac.
650 3910 729 3970 Ana
753 3912 821 3987 XV,
852 3911 915 3991 3.),
943 3930 1016 3990 quae
1044 3929 1061 3968 a
1091 3905 1213 3969 Graecis

130 3988 248 4070 (Aeaeos
269 3990 359 4050 Dion.
379 3990 471 4049 Halic.
492 3989 583 4050 Arch.
605 3992 641 4051 R.
658 3995 708 4064 lll,
728 3992 792 4072 70.)
812 4005 842 4065 et
859 3993 889 4052 in
906 3991 1031 4051 nnrrrmis
1054 3988 1216 4069 multisque

131 4068 275 4151 lapidibus
305 4070 357 4150 (de
386 4092 513 4150 quoram
535 4072 703 4132 diversitate
733 4074 779 4133 vd.
800 4074 986 4154 Wesseling.
1013 4071 1162 4131 Probabil.
1184 4091 1215 4150 p.

133 4157 193 4214 120
214 4148 276 4233 sq.)
304 4172 360 4234 per
379 4161 405 4212 tt
427 4152 623 4236 exprimatur,
649 4175 731 4216 nunc
750 4154 844 4218 torma
869 4156 971 4217 Attius
991 4152 1095 4236 potior
1116 4147 1216 4214 iuberi
