2634 4656
552 251 631 338 cap.
655 250 768 317 xrrc
1137 255 1199 315 tot
1276 232 1279 239 ’

116 409 263 480 Brutum
290 423 323 480 et
334 405 490 480 Asinium
511 423 543 480 et
558 404 765 481 Messallam:
790 431 876 509 quos
900 403 1035 508 quidem
1061 434 1123 483 cur
1139 435 1200 483 an-

117 579 205 640 Brut.
227 583 279 655 79,
301 582 372 639 273.
400 580 463 637 eius
489 581 635 638 actionem
655 577 785 643 multum
812 587 913 637 tamen
939 588 969 638 et
993 577 1148 658 splendida
1168 586 1198 639 et

113 660 291 747 perurbana
312 659 538 719 commendabat
558 663 665 719 oratio.
706 659 819 740 Graues
838 662 902 721 eius
920 663 1068 719 conciones
1087 661 1199 742 aliquot

107 744 255 822 suerunt,
275 762 363 801 acres
384 744 591 801 accusationes
610 750 686 814 tres,
706 760 815 824 eaeque
829 761 928 801 omnes
944 762 982 800 eor
999 745 1045 800 rei
1061 742 1200 822 publicae

119 828 305 886 contentione
320 833 490 902 susceptae;
513 820 702 901 defensiones,
725 827 783 881 etri
792 824 846 882 illa
863 832 947 881 erunt
961 825 992 881 in
1011 842 1046 882 eo
1063 824 1199 897 meliora,

119 929 198 990 qaae
217 907 293 977 dixi,
313 926 370 963 non
391 905 619 964 contemnendae
632 914 731 963 tamen
750 924 877 987 saneque
897 905 1072 963 tolerabiles.
1093 903 1200 979 Quint.

119 992 160 1065 X,
184 994 213 1064 1,
237 992 304 1047 115.
348 987 476 1047 Multum
497 990 607 1060 ingenii
631 989 661 1045 in
691 985 792 1045 Caelio
821 996 850 1044 et
875 989 1036 1067 praecipue
1056 989 1086 1044 in
1108 1005 1204 1049 accu-.

120 1071 216 1131 sando
245 1069 339 1128 m'ulta
362 1068 514 1127 urbanitas
536 1068 695 1148 dignusque
719 1071 781 1141 eir,
809 1071 859 1126 cui
883 1077 913 1127 et
941 1088 1021 1126 mens
1047 1069 1151 1126 melior
1170 1075 1201 1126 et

122 1158 184 1212 oita
206 1154 322 1225 longior
340 1153 515 1222 contigisset.
533 1192 539 1203 .
558 1146 604 1209 Cl.
625 1149 660 1208 de
681 1148 743 1207 eius
765 1148 898 1209 moribus
917 1148 1102 1208 mitissimum
1123 1147 1202 1208 iudi-

111 1235 201 1295 ·eium
228 1230 372 1291 Niebuhr.
400 1230 506 1291 Ithein.
535 1230 612 1290 blus.
632 1233 670 1302 II,
690 1231 719 1291 4.
738 1252 766 1311 p.
785 1235 854 1290 598.
893 1231 1018 1289 Exstant
1045 1229 1108 1290 eius
1137 1228 1201 1311 epi·

98 1315 217 1376 ‘stolae
236 1317 325 1371 XVll.
351 1312 388 1371 ad
408 1309 504 1373 Cicer.
530 1311 596 1370 libr.
616 1315 691 1369 Vlll.
712 1313 788 1393 Epp,
807 1311 843 1370 ad
862 1312 940 1370 Fam.
962 1308 1106 1386 insertae,
1134 1308 1203 1390 qui-

121 1397 177 1456 bus
200 1397 313 1463 Manat.
334 1393 387 1452 vit.
408 1391 486 1453 Cael.
504 1392 654 1474 praemisit
672 1393 720 1452 vd.
740 1393 771 1452 in
795 1392 849 1451 Ed.
866 1392 973 1452 Graev.
993 1394 1029 1452 T.
1042 1395 1063 1449 l.
1084 1415 1113 1474 p.
1130 1396 1202 1452 348.

121 1480 169 1540 De
198 1478 301 1558 fragm.
333 1485 419 1534 oratt.
447 1475 483 1534 ci.
512 1476 624 1558 Meyer.
654 1486 740 1534 oratt.
767 1474 868 1556 fragm.
888 1495 917 1554 p.
940 1479 1010 1542 193.
1031 1472 1067 1533 de
1093 1471 1146 1533 vit.
1171 1483 1203 1533 et

122 1571 211 1620 oratt.
240 1558 367 1617 Ellendt.
396 1557 533 1638 Prolegg.
558 1578 587 1636 p.
615 1553 683 1616 ClX
705 1578 748 1639 sq.
783 1555 935 1616 Onomast
965 1553 1091 1616 Tulliam
1112 1555 1146 1615 P.
1164 1557 1201 1612 11.

122 1664 151 1724 p.
178 1646 237 1701 113
255 1661 298 1718 sq.
318 1637 478 1698 ed.*0rell.
495 1649 525 1697 et
544 1637 652 1697 Baiter.
971 1662 974 1666 ’

209 1732 348 1875 61110111ιέ
372 1734 403 1793 C.
422 1735 555 1794 Licinius
577 1735 684 1794 Calvus
702 1731 754 1815 (ci.
774 1733 849 1794 Dial.
869 1738 916 1794 18.
936 1738 985 1796 21.
1007 1741 1055 1794 23.
1073 1739 1122 1795 25.
1137 1731 1204 1814 34.)

122 1831 210 1881 natus
234 1824 302 1878 672.
349 1814 405 1877 .C.
424 1827 508 1896 patre
528 1815 642 1876 Licinio
658 1818 778 1891 Macro,
798 1814 942 1896 probabili
961 1815 1106 1875 annalium
1128 1815 1204 1876 scri-

120 1913 212 1983 ptore
234 1911 263 1958 et
284 1909 421 1970 oratore,
444 1909 546 1956 orator
565 1909 595 1957 et
616 1908 703 1978 poeta
724 1919 790 1956 cum
812 1896 974 1971 Cicerone,
1003 1917 1099 1976 aquo
1121 1909 1204 1978 pater
1308 1894 1312 1899 ’

121 1980 352 2063 repetundarum
371 1982 522 2038 accu'satus
544 2001 661 2037 manum
681 1977 737 2037 sibi
756 1976 906 2052 intulerat,
930 1977 1104 2038 simultatem
1124 1978 1204 2038 mul·

121 2077 228 2144 tasque
262 2061 426 2120 iuimicitias
464 2060 625 2120 exercebat.
685 2059 866 2120 Rhetoribus
898 2059 1021 2119 Graecis
1055 2059 1202 2156 magistris

121 2158 196 2207 u'sus
218 2156 248 2204 et
270 2142 356 2202 nullis
378 2141 594 2223 magistratibus
615 2141 853 2219 iunctuseximin
873 2140 920 2201 sui
937 2140 1047 2222 ingenii
1063 2140 1204 2202 felicitate

122 2225 329 2304 industriaque
350 2223 465 2296 essecit,
494 2235 529 2282 ut
549 2244 615 2284 eum
642 2220 788 2302 Cicerone
811 2224 847 2282 de
866 2222 1033 2303 principatu
1058 2222 1203 2301 cloquen-

121 2312 181 2370 tiae
200 2318 305 2389 posset
326 2304 515 2378 contendere,
540 2317 724 2383 mortemque
745 2303 857 2364 viribus
874 2304 1016 2364 acerrimo
1039 2305 1139 2363 studio
1156 2302 1205 2362 ni-

122 2390 251 2469 miisque
271 2386 378 2468 vigiliis
407 2385 542 2467 corporis
569 2385 740 2445 infirmioris
768 2385 867 2445 fractis
896 2384 1083 2461 acceleravit,
1116 2406 1205 2464 quam

124 2472 244 2534 circiter
260 2468 360 2528 stou.
377 2470 415 2527 U.
423 2466 457 2527 C.
472 2489 539 2527 eum
553 2465 652 2527 obisse
667 2464 908 2526 verisimillimum
925 2477 978 2526 est.
999 2465 1204 2526 Nonodecimo

117 2553 228 2632 ⁴aetatis
255 2570 335 2619 anno
360 2550 396 2608 ad
416 2549 631 2609 accusationem
652 2546 762 2605 Vatinii
787 2546 947 2605 faciendam
966 2546 1065 2606 sorum
1086 2547 1204 2628 ingres-

122 2657 176 2712 ¹sns
197 2644 280 2692 tauta
308 2631 493 2709 eloquentiae
519 2629 604 2688 laude
631 2629 819 2709 postmodum
840 2625 963 2704 floruit,
987 2641 1027 2688 ‘ut
1049 2627 1203 2689 Ciceronis

124 2715 257 2777 aemulus
279 2724 309 2772 et
326 2711 599 2771 vehementissimus
622 2709 901 2770 obtrectatorfieret
920 2720 1117 2790 necunquam
1137 2730 1205 2770 cum

124 2819 182 2874 eo,
208 2795 279 2856 licet
299 2788 413 2853 mutuas
435 2792 491 2852 sibi
520 2791 658 2873 epistolas
686 2792 856 2866 mitterent,
884 2792 915 2850 in
943 2791 1064 2874 gratiam
1084 2790 1204 2852 rediret.
1309 2846 1312 2851 ,

124 2881 172 2941 Ex
193 2898 251 2958 qua
272 2874 418 2934 simultate
438 2887 502 2933 orta
523 2888 592 2933 sunt
612 2873 717 2932 iudicia
737 2873 900 2953 iniquiora,
922 2895 996 2953 quae
1016 2873 1052 2934 ab
1076 2885 1205 2953 utroque

99 2960 182 3040 ¹lats
202 2957 326 3041 legimus
347 2956 377 3015 in
394 2955 520 3015 alterum
542 2954 573 3014 in
594 2954 720 3035 Dialogo
738 2967 767 3015 et
790 2953 852 3015 Cic.
874 2955 959 3015 Brut.
984 2961 1034 3028 82,
1062 2961 1133 3015 283.
1156 2957 1207 3037 qut

126 3052 233 3104 orator
247 3061 334 3122 quum
342 3035 452 3116 fuisset
466 3040 572 3095 titteris
587 3037 731 3095 eruditior
746 3058 833 3118 quam
848 3037 948 3108 Curio,
969 3047 1030 3095 tum
1046 3039 1136 3094 etiam
1151 3055 1205 3094 ae-

125 3125 262 3184 cusatius
279 3119 426 3203 quoddam
451 3118 569 3177 dicendi
588 3127 617 3176 et
637 3123 809 3200 exquisitius
830 3117 976 3196 afferebat
994 3136 1101 3191 genus:
1128 3116 1207 3199 quod

125 3223 294 3289 quanquam
318 3204 446 3259 scienter
471 3202 674 3282 eleganterque
702 3199 870 3272 tractabat,
898 3201 1019 3257 nimium
1039 3209 1139 3258 tamen
1159 3201 1205 3256 in-

125 3290 244 3371 quirens
272 3287 302 3342 in
328 3303 360 3340 se
379 3291 466 3363 atque
491 3284 552 3361 ipse
571 3301 634 3353 sese
659 3281 815 3339 observans
834 3288 1039 3360 metuensque,
1064 3299 1100 3338 ne
1121 3282 1206 3338 uitio-

125 3388 192 3431 sum
221 3366 388 3438 colligeret,
424 3366 514 3421 etiam
542 3373 640 3438 oerum
667 3367 838 3436 sangumem
866 3361 1053 3441 deperdebat.
1101 3361 1206 3443 ltaque

129 3455 193 3510 eius
214 3449 312 3508 oratio
334 3447 426 3502 nimia
446 3445 588 3518 religione
608 3453 765 3502 attenuata
783 3444 877 3512 doctis
897 3453 926 3501 et
946 3453 1058 3502 attente
1082 3443 1206 3500 audien-

127 3531 206 3592 tibus
227 3537 295 3588 erat
314 3528 449 3585 illustris:
482 3545 502 3583 a
524 3526 708 3584 multitudine
735 3535 834 3583 autem
858 3535 886 3582 et
908 3544 928 3582 a
947 3523 1036 3602 soro,
1064 3529 1114 3585 cui
1132 3534 1206 3582 nata

127 3614 173 3673 elo
193 3613 295 3670 nentia
315 3618 368 3680 est,
391 3607 597 3665 decorabatur.
641 3606 714 3665 Tum
735 3607 862 3678 Brutus,
883 3605 1016 3664 Atticum
1037 3625 1079 3679 se,
1101 3607 1205 3684 inquit,

128 3637 238 3754 Caluus
266 3699 365 3750 noster
385 3688 447 3747 dici
471 3699 620 3747 oratorem
649 3688 771 3747 uolebat.
811 3687 884 3746 lnde
904 3697 970 3744 erat
990 3691 1049 3744 ista
1076 3687 1206 3760 exilitas,

127 3795 216 3859 quam
248 3774 296 3831 ille
317 3771 353 3830 de
371 3769 518 3828 industria
538 3770 773 3851 consequebatur.
803 3766 907 3843 Quint.
929 3768 968 3841 X,
995 3772 1021 3839 t,
1047 3771 1113 3825 115.
1155 3767 1206 3826 In-

129 3861 211 3922 ueni,
242 3856 292 3936 qui
319 3852 439 3910 Caluum
466 3847 652 3930 praeferrent
677 3850 825 3922 omnibus,
854 3851 963 3920 inueni,
994 3851 1046 3929 qui
1072 3847 1210 3908 Ciceroni

129 3937 301 4008 crederent,
333 3955 397 3992 eum
428 3936 520 3991 nimia
548 3942 652 3990 eontra
678 3952 710 3990 se
736 3932 884 3990 columnia
912 3949 1010 3987 oerum
1035 3933 1207 4004 sanguinem

125 4017 301 4102 perdidisse.
350 4013 412 4074 Sed
431 4024 474 4072 est
496 4024 525 4072 et
546 4023 650 4071 saneta
676 4023 705 4070 et
724 4015 824 4086 granis
842 4014 944 4079 oratio
962 4020 991 4069 et
1011 4012 1159 4070 custodita
1177 4021 1207 4071 et

120 4100 296 4183 frequenter
324 4097 475 4156 oebemens
507 4113 623 4177 quoque.
672 4094 810 4152 imitator
835 4102 933 4151 autem
964 4101 1008 4150 est
1038 4092 1207 4160 Atticorum

120 4180 258 4265 fecitque
278 4181 325 4241 ilii
344 4185 509 4260 properata
530 4196 609 4236 mors
630 4176 786 4250 iniuriam,
813 4177 841 4234 si
860 4173 930 4258 quid
949 4173 1124 4242 adiecturus.
1140 4173 1208 4248 sibi,

343 4468 355 4495 0
