2634 4656
500 245 579 331 cap.
604 246 697 312 χιιι.
1096 215 1140 317 ss

10 424 14 437 ·
56 397 123 470 hus
156 412 187 470 et
214 399 303 471 curia
330 414 361 471 et
392 400 588 473 necessitate
617 401 739 492 cotidie
764 399 908 500 aliquid'
925 419 1040 476 contra
1066 406 1140 478 nni:

55 525 148 597 nrum
173 497 317 569 faciendi
347 497 383 571 in
403 497 457 570 illa
486 511 580 571 sa'cra
611 497 753 599 illosque
786 498 887 575 lentis
918 501 1043 590 lerant;
1077 531 1140 577 nec

55 592 213 671 insanum
240 592 326 668 ultra
358 613 390 670 et
415 595 582 670 lubricum
614 599 723 671 lorum
749 598 937 699 famamque
963 599 1140 699 pallentem

41 694 212 793 'trepidus
238 697 398 794 experiar.
460 697 536 768 Non
571 725 624 770 me
654 697 806 771 fremitus
831 697 1043 771 salutantium
1079 727 1142 774 nee

56 792 220 865 anhelans
242 793 382 866 libertus
407 793 554 880 excitet‚·
569 823 630 869 nec
655 795 803 870 incertus
828 796 932 869 futuri
961 815 1141 870 testamen-

55 907 128 963 tum
145 920 210 993 pro
228 893 370 992 pignore
388 892 553 981 scribam,
578 921 641 966 nee
664 894 740 994 plus
763 895 903 968 habeam
928 924 1027 995 quarn
1047 894 1154 997 quod'

56 1063 124 1136 XV,
144 1063 190 1121 14.
211 1082 322 1136 magna
342 1081 416 1120 cura
439 1052 471 1121 ed
482 1061 677 1120 sollicitudine
693 1081 739 1120 me
755 1062 900 1121 liberaris.
922 1058 1026 1139 Quint.
1044 1068 1093 1138 ΧΙ,
1112 1067 1141 1138 1,
1163 1108 1166 1113 -

56 1144 108 1203 44.
150 1142 231 1203 Nam
261 1153 294 1202 ut
322 1153 539 1224 orantem-pre
568 1147 665 1222 capite
697 1144 861 1203 sollicitudo
882 1143 986 1203 deceat
1008 1156 1037 1204 et
1060 1161 1143 1204 cura}

56 1222 208 1283 Eckstein.
237 1224 271 1305 ³¹¹(
296 1225 350 1283 Ed.
368 1224 485 1283 Walth.
498 1235 537 1283 et
556 1224 692 1307 Prolegg.
713 1247 743 1320 p.
765 1230 813 1285 51:
842 1224 913 1286 baec
934 1227 1025 1286 relect
1053 1228 1088 1287 ad
1115 1232 1143 1286 ἓν

56 1308 104 1365 διὰ
124 1311 201 1365 dueta
219 1305 342 1385 eiusque
362 1306 473 1386 figurae
495 1305 639 1385 speciem,
670 1304 722 1364 uhu
743 1305 809 1365 loco
828 1307 961 1368 adiectivi
983 1330 1048 1368 cum
1069 1307 1143 1368 suh·

56 1387 189 1448 stantius
210 1386 409 1469 coniungendi
430 1388 489 1446 duo
511 1385 691 1448 substantiva
715 1399 877 1467 ponuntur.
1083 1431 1092 1439 .

71 1484 74 1489 ·
140 1489 194 1527 nee
215 1504 255 1518 -
276 1466 432 1550 experiar]
457 1466 537 1549 Virg.
559 1468 670 1550 Georg.
692 1471 728 1543 ll,
750 1475 936 1528 500-502.
967 1470 1049 1550 Qum
1065 1473 1145 1529 rami

47 1546 190 1628 fructus,
218 1570 291 1630 ques
319 1554 383 1629 ipsa
411 1551 536 1607 valentia
558 1570 652 1607 rura
673 1551 783 1628 Sponte
804 1544 897 1609 tulere
917 1572 991 1624 sna,
1021 1555 1142 1631 carpsit,

56 1649 113 1690 nec
125 1630 233 1709 ferrea
252 1635 342 1693 iura
362 1630 559 1711 Insanamque
572 1629 675 1707 surum
698 1639 750 1689 aut
768 1633 871 1711 primuli
893 1632 1044 1690 tabularia
1063 1633 1143 1692 cudit.

56 1710 129 1791 ibiq.
158 1712 256 1795 lleyn.
288 1711 429 1775 Insanum
463 1711 570 1770 dicitur
596 1711 699 1788 serum
728 1711 888 1790 (tobcndcr
909 1747 946 1758 -
976 1712 1142 1776 l'a'rmend'er

56 1791 172 1872 hlarltt)
194 1792 297 1851 insano
327 1792 453 1852 clamore
475 1789 630 1873 praecipue
657 1791 833 1873 litigantium
860 1796 1067 1873 perstrepens3
1096 1797 1142 1853 le-

57 1874 192 1946 Ιινίσιιιιι,
214 1874 294 1953 quod
315 1895 434 1946 causae,
456 1873 579 1953 quaein
602 1892 637 1932 eo
660 1884 805 1954 aguntur,
832 1873 937 1933 incerti
962 1887 1031 1933 sunt
1052 1888 1143 1935 eten-

55 1966 121 2015 tus:
151 1954 202 2014 Sil.
226 1955 285 2014 ltal.
307 1960 371 2030 vlt,
393 1957 557 2035 stt—43.
586 1953 715 2013 Insanus
735 1965 866 2035 spectate
889 1956 1002 2015 trihus!
1022 1978 1075 2037 μιο
1098 1959 1143 2015 lu-

57 2037 146 2096 brica
166 2045 266 2094 restra
294 2035 335 2095 Et
366 2039 448 2094 cattis
467 2034 543 2113 sera
564 2037 647 2094 lacta
676 2039 751 2095 viris
775 2033 859 2095 Curt.
880 2040 943 2109 Vll,
966 2043 995 2111 ὃ,
1019 2045 1067 2101 24.
1097 2041 1144 2097 lu-

58 2118 150 2178 bricci
158 2115 292 2195 fortuna.
334 2115 378 2177 Cs.
400 2116 545 2176 Boetticb.
567 2118 637 2176 Lex.
660 2117 728 2177 Tae.
750 2116 886 2176 Schuetz.
907 2119 976 2176 Lex.
1001 2116 1096 2178 Cicer.
1118 2138 1143 2179 ε’.

56 2220 88 2262 v.
129 2198 253 2266 Pallens
272 2198 364 2276 sama
391 2196 545 2256 transitive
582 2198 689 2257 dicitur
717 2197 859 2278 pallorem
892 2198 1039 2269 efficiens;
1076 2220 1144 2259 nam
1240 2260 1243 2265 ,

56 2279 149 2363 pallet
169 2273 299 2354 oratorj
311 2279 360 2358 qui
380 2278 464 2338 anxie
484 2300 580 2338 auram
603 2279 773 2359 popularem
789 2291 901 2359 captat,
923 2302 1012 2360 quum
1030 2281 1143 2361 populo

57 2358 212 2442 displicet,
234 2382 323 2440 quum
342 2381 404 2419 rem
426 2381 506 2418 suam
527 2359 600 2419 male
620 2360 715 2442 egisse
736 2360 869 2441 videtur,
890 2372 924 2418 ut
947 2373 1027 2420 recte
1046 2361 1142 2443 expli·-

57 2452 107 2503 cat
128 2440 230 2502 0berl.
260 2441 383 2500 Pallens
401 2441 519 2499 morbus
539 2443 621 2522 Virg.
652 2444 725 2498 Aen.
750 2445 800 2514 Vl,
824 2447 893 2499 275.
923 2448 996 2498 cura
1017 2442 1141 2511 Martial.

56 2523 162 2605 Epigr.
183 2526 232 2595 ΧΙ,
252 2528 282 2597 7,
301 2528 328 2582 6.
359 2522 431 2581 Pan
452 2542 585 2580 marcens
600 2523 668 2579 Tac„
691 2522 828 2578 German.
844 2527 892 2579 36.
920 2521 1070 2581 Nessum
1093 2544 1143 2582 sn-

57 2604 212 2664 litudinem
240 2604 381 2678 languere
406 2607 523 2683 ytatius,
551 2622 640 2681 qnam
662 2602 737 2659 mitt
763 2599 855 2678 essert
881 2606 1056 2677 necessitas,
1085 2625 1143 2662 non

59 2687 196 2753 veluntas
216 2681 277 2744 Cic.
299 2685 360 2744 Oli.
381 2687 431 2758 111,
457 2688 481 2742 1,
511 2681 579 2761 ibiq.
602 2682 697 2741 Beier.
746 2682 791 2741 De
819 2704 876 2740 usu
904 2681 1065 2743 verborum
1095 2683 1142 2742 in-

56 2765 284 2829 transitivorum
306 2786 361 2846 pro
383 2763 544 2824 transitivis
565 2764 641 2845 apud
662 2753 783 2822 Latinos
805 2763 841 2822 el.
866 2761 1011 2823 Vechuer»
1040 2763 1142 2824 Helle-

57 2847 159 2909 nolex.
185 2868 214 2927 p.
237 2852 285 2906 91.
314 2849 425 2922 Heus,
452 2846 529 2926 apud
558 2846 689 2905 Graecos
718 2842 821 2904 Mattb.
850 2844 904 2904 Gr.
933 2845 988 2904 Gr.
1017 2845 1085 2909 Vol.
1106 2850 1142 2907 11.
1244 2872 1247 2881 ·

57 2932 80 3013 ὲ
138 3008 208 3071 Non
226 3026 274 3066 me
293 3005 435 3086 fremitus
460 3010 652 3068 salutantium
674 3030 727 3068 nes
748 3004 891 3068 anhelans
919 3009 1038 3068 libertus
1059 3012 1142 3067 saci-

59 3088 122 3171 tet]
152 3092 209 3149 lam
230 3088 336 3169 primo.
353 3112 436 3151 mane
457 3091 590 3150 solebant
618 3090 738 3158 clientes
759 3102 788 3151 et
808 3089 906 3148 liberti
925 3101 1067 3169 patrones
1090 3100 1141 3151 aut

59 3172 99 3231 de
124 3170 189 3230 iu're
214 3173 380 3230 consulturi
408 3183 458 3231 ant
485 3170 637 3231 salutaturi
664 3173 760 3246 adire,
789 3171 838 3250 qni
860 3170 962 3228 hortos
985 3169 1142 3249 praecipue

58 3251 201 3317 divitibus
223 3250 303 3311 orhis
324 3254 360 3312 ad
387 3251 561 3312 hereditates
590 3275 692 3312 eorum
714 3253 867 3333 captandas
893 3249 1071 3325 habebatur,
1099 3249 1141 3309 ita
1235 3292 1238 3296 -

58 3344 97 3394 ut
114 3331 189 3393 alter
209 3332 333 3407 alterum
353 3334 385 3391 in
414 3334 459 3393 his
481 3334 586 3393 ciliciis
606 3333 786 3415 praestandis
807 3345 837 3392 et
862 3331 1002 3410 sportulis
1026 3330 1140 3412 praeri4

58 3413 177 3497 piendis
204 3435 294 3473 cursu
316 3415 405 3475 citato
422 3414 603 3475 antevenire
632 3415 772 3474 studeret.
815 3412 861 3473 Cl.
888 3414 963 3471 lior.
982 3414 1042 3472 Sat.
1063 3417 1086 3486 1,
1109 3417 1153 3486 1,·’

61 3501 112 3557 10.
132 3506 162 3554 et
181 3493 263 3554 locos
284 3517 301 3554 a
324 3499 400 3575 Rup.
421 3497 551 3556 citatos:
564 3497 663 3554 luven.
684 3500 706 3570 l,
729 3499 894 3555 95-116.
920 3499 985 3553 128.
1006 3497 1056 3568 tn,
1080 3499 1139 3553 126

60 3580 180 3637 -136.
201 3572 324 3635 Martial.
346 3582 395 3648 lli,
418 3583 466 3636 36.
483 3581 535 3650 lv,
557 3581 642 3649 8.-X‚
664 3582 713 3637 82.
1033 3606 1038 3613 ·

68 3702 70 3707 .
144 3677 199 3716 nes
220 3660 348 3717 incertas
361 3656 462 3736 staturi
476 3668 682 3716 testamentum
700 3680 756 3738 pru
774 3661 899 3738 pignere
916 3655 1041 3731 scribam
1063 3650 1139 3737 ete]

59 3740 120 3799 lam
147 3737 217 3796 inde
244 3737 279 3796 ab
310 3741 445 3821 Auguste
477 3739 574 3819 (Suet.
604 3741 679 3819 Aug.
709 3744 757 3798 66.
789 3736 871 3816 101.)
901 3757 964 3794 nuos
987 3732 1139 3794 obtinebat

58 3820 137 3902 apud
157 3821 327 3896 Romanos,
358 3832 392 3879 ut
414 3824 604 3900 lmperatores
626 3830 676 3878 aut
695 3817 731 3877 ad
750 3830 865 3900 gratum
885 3816 916 3874 in
937 3836 988 3874 cos
1009 3815 1138 3874 animum

59 3914 91 3963 et
112 3899 307 3967 reverentiam
334 3900 550 3982 significandam
572 3912 622 3959 aut
640 3921 695 3979 pro
715 3904 855 3980 pignore,
886 3897 904 3954 i.
926 3917 951 3954 e.
971 3896 1136 3956 securitatis

59 4002 146 4043 cansa
175 3984 206 4039 et'
232 3979 268 4039 ad
293 3995 405 4061 partem
435 3982 580 4041 bonorum
610 3980 747 4062 legitimis
777 3977 932 4038 heredibus
954 3979 1135 4053 servandam,

58 4061 221 4124 coheredes
252 4062 471 4138 scriberentur,
507 4083 596 4140 quum
624 4061 756 4121 crudeles
785 4073 815 4120 et
848 4059 945 4132 avari,
984 4071 1020 4118 ut
1046 4058 1138 4140 Calig.

59 4146 143 4207 Suet.
164 4147 233 4220 36,
254 4142 335 4206 Nero
355 4146 438 4205 Suet.
451 4151 526 4221 ae,
546 4142 733 4206 Domitianus
754 4143 836 4204 Suet.
859 4145 925 4219 12,
954 4151 1138 4217 testamenta,
