2634 4656
200 236 241 327 9
523 282 600 368 cap.
626 283 704 351 κη.
757 302 760 307 ·
1105 292 1147 355 at

64 436 223 511 Ceterum
248 438 327 513 felix
344 438 430 513 illud
453 455 502 528 et,
528 456 566 513 nt
587 448 821 515 morc'nostro
846 441 984 540 loquar,
1010 452 1148 517 aureum

65 535 238 610 saeculum
267 556 297 611 ct
323 557 492 612 oratorum
519 557 550 612 ct
576 539 751 612 crinrinunt
775 540 876 640 inops
901 539 1008 639 poetis
1034 557 1066 613 et
1091 554 1148 612 va·

64 633 158 707 tibus
180 636 395 726 abundabat,
424 639 481 738 qni
497 639 584 712 bene
600 638 879 725 farta-canerent,
901 667 969 711 non
987 639 1044 737 qui
1061 637 1148 717 nrale

65 733 214 807 admissa
243 735 470 811 defenderent,
532 741 601 811 Nec
630 737 707 810 ullis
734 754 790 809 aut
821 736 928 834 gloria
958 737 1065 809 maior
1090 752 1149 811 aut

65 835 244 928 augustior
268 835 379 909 bonor
398 836 544 935 primum
573 836 665 934 apud
692 836 793 931 deos,
817 848 972 935 'qnorum
1019 835 1147 919 roferre

64 958 229 1031 responsa
263 951 296 1006 et
323 935 484 1008 interesse
514 934 621 1035 epulis
654 934 867 1021 ferebantur,
905 863 1028 1008 deinde
1053 932 1147 1034 apud

63 1028 141 1103 illos
167 1032 234 1105 diis
259 1033 390 1130 genitos
415 1061 596 1134 sacrosque
621 1062 737 1131 reges,
763 1034 851 1106 inter
872 1061 957 1134 qnos
979 1035 1147 1106 neminem

150 1220 185 1269 ut
203 1218 286 1270 more
306 1221 406 1270 nostro
427 1211 542 1294 loquar]
563 1209 584 1269 l.
605 1229 629 1269 e.
652 1200 822 1290 poetarum,
845 1210 895 1291 qui
913 1208 1062 1270 celebrant
1082 1229 1147 1270 cara
1254 1254 1268 1269 .

64 1288 195 1351 minibus
216 1292 278 1352 suis
299 1313 422 1352 aureum
441 1294 611 1366 saeculum,
642 1291 678 1350 de
699 1311 758 1369 quo
780 1292 816 1352 cf.
836 1293 904 1352 Tac.
924 1291 1001 1350 Ann.
1023 1293 1073 1366 ΙΙΙ,
1094 1296 1146 1353 26.

64 1371 155 1431 Bach.
177 1373 213 1433 ad
234 1372 322 1434 Ovid.
343 1375 459 1435 Metam.
480 1375 503 1450 Ι,
525 1378 563 1433 69
585 1394 628 1452 sq.
657 1373 805 1449 Draesekc
832 1374 881 1433 das
910 1371 1036 1455 goldene
1063 1371 1147 1434 Zeit-

63 1451 146 1513 alter.
174 1455 273 1515 Brem.
294 1459 381 1514 1815.
403 1462 431 1514 8.
579 1472 586 1479 ·
1243 1478 1269 1506 ·.

147 1550 219 1609 bene
231 1550 320 1629 sucta
340 1587 379 1598 -
400 1554 479 1612 mole
498 1540 641 1631 admissa]
677 1552 758 1613 Bene
778 1548 868 1629 sueta
898 1547 995 1631 (quod
1018 1548 1145 1611 coniun-

63 1629 135 1692 ctim
165 1630 321 1711 benefacta
347 1645 382 1692 ut
410 1633 440 1693 in
463 1632 536 1694 Cod.
558 1634 645 1692 Vind.
668 1645 698 1694 et
725 1644 796 1692 vett.
821 1632 894 1691 Edd.
924 1631 1013 1692 scribi
1041 1645 1143 1693 vetans

61 1712 155 1772 lfrita.
181 1712 200 1772 l.
224 1712 242 1772 l.
271 1734 332 1773 non
353 1713 601 1811 obtemperantem
630 1713 686 1773 sibi
714 1711 815 1773 habuit
841 1712 968 1772 Freund.
990 1714 1059 1772 Lex.
1080 1714 1144 1772 Lat.

62 1816 85 1854 s.
108 1791 154 1872 v.)
177 1806 248 1853 sunt
268 1794 343 1855 facta
363 1817 496 1879 egregia,
525 1795 671 1877 praeclara
690 1794 738 1853 vd.
761 1792 879 1853 Sallust.
898 1795 959 1875 lug.
980 1799 1029 1853 85.
1057 1791 1143 1854 Catil.

62 1882 90 1936 8.
112 1874 183 1954 ibiq.
204 1874 296 1935 Kritz.
316 1876 379 1936 Liv.
400 1881 542 1950 xxxvtt,
566 1881 591 1935 1.
614 1874 848 1936 ueteribusdene
860 1873 954 1952 saetis
973 1895 1049 1933 noua
1068 1895 1142 1954 pen-

60 1967 165 2016 santes
184 1955 338 2037 maleficia.
388 1960 471 2018 ΜαΙε
499 1958 633 2017 admissa
658 1959 726 2017 Tac.
754 1955 960 2016 concinnitatis
989 1977 1075 2016 causa
1100 1954 1141 2015 ob

59 2038 194 2099 anteced.
216 2039 290 2096 bene·
301 2038 393 2117 sactu
411 2039 530 2121 posuit,
551 2062 642 2120 quum
656 2037 813 2098 admissum
829 2035 1000 2117 sirnpliciter
1015 2038 1050 2097 de
1064 2035 1141 2097 malo

59 2117 194 2178 facinore
224 2118 345 2179 dicatur.
377 2118 438 2181 Cic.
467 2120 581 2181 Partitt.
612 2140 655 2179 or.
687 2124 734 2179 35.
783 2117 916 2193 Iudicia,
945 2130 1021 2201 quae
1049 2122 1141 2178 etiam
1184 2111 1187 2119 ’

59 2202 142 2259 nullo
157 2200 289 2259 admisso
304 2206 442 2284 consequi
452 2212 579 2284 possent.
600 2201 664 2260 Liv.
680 2206 769 2273 XXV,
784 2206 833 2258 23.
869 2201 1032 2259 Multorum
1048 2201 1145 2259 animi

58 2285 190 2361 suspecti
207 2285 335 2341 omnium
357 2285 452 2342 oeulos
473 2293 692 2357 conuerterant,
722 2302 758 2340 ne
776 2281 848 2363 quid
856 2280 983 2358 falleret
1003 2283 1064 2340 tole
1084 2280 1142 2339 ad-

60 2368 192 2423 missum.
222 2364 289 2422 Tac.
310 2367 389 2422 Anu.
411 2368 468 2438 xt,
481 2367 509 2424 4.
536 2386 622 2458 putero
645 2364 723 2421 idem
751 2362 787 2420 de
815 2361 1143 2442 admissis-Poppaeae

58 2446 189 2507 sennam
209 2444 289 2525 quud
300 2465 408 2503 omnes.
449 2446 495 2504 De
516 2444 642 2504 discr-im.
662 2465 711 2502 vv.
732 2443 890 2500 admittere
911 2454 941 2501 et
961 2447 1142 2502 committere
1166 2447 1173 2453 '

35 2524 257 2607 ‘stillet-rog.
279 2525 316 2584 ad
335 2523 424 2586 Caes:
437 2527 472 2585 B.
494 2526 532 2584 G.
554 2528 605 2600 111,
624 2530 651 2583 9.
673 2524 708 2582 Β.
732 2520 765 2583 C.
788 2525 838 2596 ΙΙΙ,
860 2525 907 2583 64.
936 2522 1082 2583 Ocltsner.
1103 2522 1141 2585 ad

58 2602 124 2667 (iic.
146 2605 249 2688 Eclog.
269 2610 367 2687 p.,33.
477 2662 479 2667 .
928 2654 931 2659 .
1046 2640 1061 2647 -
1187 2598 1191 2608 '

141 2702 208 2765 'Nec
234 2704 302 2762 ullis
328 2714 382 2763 aut
406 2706 506 2780 gloria
532 2704 629 2764 maior
658 2712 712 2761 aut
734 2705 895 2779 augustior·
915 2698 1019 2779 bonor]
1058 2700 1142 2761 tutus

57 2782 243 2844 substantive
267 2782 313 2844 bis
333 2785 462 2866 positum
483 2797 529 2863 est
548 2785 624 2867 apud
644 2785 711 2844 th.
733 2783 896 2925 etpuidem
918 2781 948 2840 b.
969 2781 989 2843 Ι.
1010 2793 1041 2843 et
1060 2780 1140 2841 Ann.
1191 2824 1195 2829 -
1313 2813 1315 2821 v

57 2869 112 2939 xl,
138 2871 189 2924 27.
217 2865 253 2941 cf.
291 2865 502 2949 Stnereuburg.
533 2877 688 2926 comment.
717 2869 750 2924 ΙΙ.
803 2885 819 2924 c
848 2884 1013 2947 pronomm.
1043 2880 1141 2939 neruo,·

56 2946 156 3005 nulfus
177 2944 291 3007 etcss'ad
311 2946 377 3007 calc.
399 2948 476 3007 Edit.
497 2946 559 3017 Cic.
584 2946 671 3008 Offic.
695 2970 722 3027 p.
743 2949 812 3008 214.
833 2945 906 3005 adde
925 2944 1037 3028 Reisig.
1058 2948 1139 3004 Vor-

56 3024 112 3087 lcs.
133 3026 162 3109 §.
178 3030 248 3097 204,
263 3026 349 3087 Haas.
369 3041 468 3088 annot.
489 3022 558 3089 561.
598 3029 644 3088 De
666 3028 829 3088 differentia
851 3049 898 3087 vv.
918 3027 1016 3100 gloria
1036 3038 1067 3085 ct
1085 3022 1140 3087 ltu-¹
1186 3042 1195 3055 “

56 3110 114 3167 nor
133 3106 170 3169 cf.
191 3108 329 3175 Doederl.
348 3111 410 3169 Lat.
431 3111 504 3193 Syn.
528 3109 592 3170 Vol.
615 3114 650 3167 V.
671 3132 700 3190 p.
722 3114 791 3169 235.
820 3106 880 3169 Cic.
902 3129 946 3188 pr.
967 3108 1083 3166 Muren.
1107 3111 1153 3171 5,·

55 3188 109 3248 Ex
128 3186 228 3263 Asia,
245 3232 275 3249 ..
297 3192 363 3250 laus
381 3188 540 3270 ferendine,
569 3194 714 3250 memorio
730 3193 850 3266 generi,
878 3189 970 3247 Itonos
991 3197 1020 3248 et
1038 3188 1139 3263 glunit

55 3274 171 3331 nomini
188 3274 348 3331 constituto
370 3283 421 3333 est.
881 3302 884 3307 ·
1066 3278 1069 3283 '
1116 3312 1119 3317 ι

103 3432 106 3437 ,
139 3366 245 3435 deinde
263 3370 347 3450 apud
364 3373 430 3431 illos
455 3371 513 3432 diis
538 3372 653 3444 genitos
678 3386 830 3449 sacrosque
856 3366 951 3444 reges]
987 3366 1048 3425 Pro
1069 3364 1139 3441 diis,

55 3448 204 3530 scriptura
219 3448 256 3509 ab
270 3450 479 3513 omnib..Codd.
496 3451 607 3513 etEdd.
623 3461 739 3530 recepta
758 3449 865 3521 Ritter.
881 3448 926 3507 dis
942 3446 1086 3521 exhibuit,
1101 3444 1140 3511 ad

54 3527 136 3591 Anu.
157 3534 234 3605 xttt,
257 3534 306 3593 41.
328 3545 358 3593 et
378 3533 455 3603 Hist,
476 3537 526 3608 lV,
548 3536 595 3594 74.
621 3542 782 3607 annotans,
813 3529 937 3589 formam
965 3528 1028 3586 deis
1048 3528 1139 3607 [ΧΙΙΙ,

54 3616 105 3673 55.
127 3617 193 3687 XV,
216 3617 263 3671 71.
286 3616 334 3674 74.
356 3615 403 3693 al]
420 3615 533 3675 duabus
554 3611 674 3696 syllabis
695 3608 944 3692 pronunciandam
963 3629 1046 3668 csse:
1068 3628 1137 3667 narn
1184 3681 1186 3686 Ι

54 3692 81 3752 si
101 3714 160 3753 una
180 3692 292 3776 syllaba
312 3694 470 3769 efferatur,
499 3697 545 3755 dis
573 3705 603 3753 et
630 3692 724 3753 audiri
747 3704 776 3751 ct
803 3689 908 3751 scribi:
936 3689 993 3748 diis
1012 3687 1135 3747 Latinos

53 3794 152 3854 neque
167 3773 322 3854 scripsisse
340 3797 436 3856 neque
454 3774 697 3858 pronunciavisse
719 3794 846 3852 unquam
865 3770 976 3841 videri;
998 3768 1044 3829 cui
1066 3768 1138 3828 asti-

51 3854 175 3936 pulatur
193 3857 320 3915 Fseund.
341 3859 410 3918 Lex.
430 3859 491 3918 Lat.
514 3880 537 3918 s.
558 3880 585 3915 v.
609 3855 719 3937 Reisig.
741 3852 857 3912 Vorles.
877 3849 906 3933 §.
927 3856 975 3911 59.
997 3862 1028 3910 et
1048 3852 1136 3911 Haas.

51 3947 154 3996 annot.
175 3943 224 3997 56.
246 3937 333 3996 Bacb.
354 3940 489 4035 Prolegg.
511 3938 578 3999 Vol.
597 3942 631 3996 ΙΙ.
655 3960 682 4016 p.
704 3938 792 3993 xvtt.
813 3934 870 3992 diis
892 3965 928 3977 -
951 3933 997 3991 dis
1018 3943 1048 3992 et
1071 3933 1136 3993 deis

52 4017 85 4077 in
105 4041 164 4078 usu
185 4016 276 4079 fuisse
297 4021 406 4079 statuit.
446 4023 496 4085 Sic
516 4020 630 4082 variant
648 4016 794 4097 lnscriptt.
807 4015 871 4075 Dts
887 4014 1065 4075 MANlBUS
1082 4035 1136 4089 ex·¹
1159 4043 1162 4050 ¹

52 4098 191 4161 bibentes
211 4122 255 4181 ap.
284 4099 376 4162 Orcll.
403 4104 475 4165 476.
502 4105 584 4163 4660
609 4112 640 4161 et
662 4104 722 4174 61.,
750 4109 780 4157 at
800 4096 877 4157 Dtts
905 4096 946 4155 M.
967 4098 1038 4157 465.
1062 4098 1137 4169 487.

51 4184 111 4243 Dis
128 4186 225 4259 geniti
242 4181 326 4268 llirg.
344 4183 420 4247 Aen.
442 4187 493 4263 vt,
515 4188 583 4247 131.
603 4188 759 4262 Διοιρεφετς
773 4212 812 4225 -
826 4183 952 4252 διογενεῖς
970 4176 1048 4259 apud
1067 4170 1134 4236 llo·
