2634 4656
526 274 605 359 cap.
628 274 671 340 x.
803 234 806 239 ’
953 224 956 229 ‚
1101 224 1144 350 or

62 426 99 501 in
117 424 227 528 ipsam
244 452 352 501 arcem
370 421 578 529 eloquentiae
594 428 697 515 serat,
724 452 836 502 errare
850 430 955 505 maris
971 449 1004 508 et
1017 460 1147 512 summa

61 526 250 627 adepturus
283 527 320 599 iu
352 525 732 600 levioribus-subsistis.
783 530 848 616 Ut,
886 530 915 603 si
942 532 978 604 iu
1005 535 1148 611 Graecia

62 642 164 699 natus
189 622 303 715 esses,
333 625 393 707 ubi
420 624 566 698 ludicras
589 653 723 725 quoque
750 628 1015 704 artes'exercere
1041 634 1147 709 bone·

62 740 152 841 qtum
184 742 254 813 est,
287 752 326 797 ac
357 723 418 796 tibi
444 722 622 797 Nicostrati
647 725 754 797 robur
782 752 821 799 ac
845 727 931 800 vires
958 729 1005 802 dii
1032 731 1147 806 dedis-

149 876 254 914 errare
275 850 384 937 mavis]
418 852 533 914 Errare
560 855 578 914 i.
607 877 634 935 q.
660 855 759 938 vagari
786 844 863 919 inira
889 870 989 921 arcem'
1011 860 1043 922 iu
1070 856 1145 927 lucit

63 934 293 1012 humilioribus,
307 936 370 996 ·vel
393 956 454 996 non
482 947 561 996 recta
586 936 633 996 via
659 938 839 1017 procedere,
868 960 924 1020 qua
943 944 979 1010 ad
1000 966 1147 1007 summum

62 1016 251 1099 eloquentiae
268 1018 417 1100 fastigium
436 1018 592 1098 pervenire
612 1019 718 1097 possis.

144 1120 263 1160 summa
277 1100 437 1181 adepturus
451 1103 482 1158 in
496 1101 649 1171 lenioribus
664 1099 815 1183 consistis]
836 1100 881 1161 Ex
898 1104 1016 1187 egregia
1031 1106 1145 1169 emend.

62 1176 176 1241 Acidat.
197 1180 359 1262 adepturus
377 1201 434 1262 pro
454 1180 580 1260 adeptus
599 1194 774 1261 receperunt
796 1183 889 1244 Orell.
905 1187 983 1267 Rup.
998 1187 1145 1249 Boetticb.

62 1260 184 1321 Waltb.
223 1262 298 1322 Nam
312 1260 518 1343 alioquidper
531 1258 669 1337 dixisset,
690 1282 781 1343 quum
803 1276 906 1325 natura
925 1277 976 1327 tua
994 1266 1027 1326 iu
1049 1289 1146 1343 arcem

62 1341 252 1422 eloquentiae
269 1342 382 1403 tulerit.
421 1342 553 1423 Apparet
572 1342 675 1424 igitur,
695 1343 867 1404 seutentiam
888 1345 962 1426 Apri
983 1367 1059 1424 esse,
1076 1350 1146 1411 ats-

60 1434 182 1484 teruum
202 1425 335 1485 noudum
355 1436 547 1485 consecutum
560 1445 633 1495 ¹esse
655 1444 795 1485 summam
816 1426 1001 1506 eloquentiae
1019 1430 1145 1509 laudem,

63 1504 118 1565 'se'd
143 1505 309 1565 facultatem
329 1517 360 1565 et
375 1524 467 1586 spem
496 1503 558 1565 eius
580 1504 772 1585 acquirendae
793 1506 820 1566 ei
842 1527 903 1567 nou
925 1508 1034 1570 deesse.
1069 1511 1145 1571 Pliu.

61 1586 139 1667 Epp.
159 1584 200 1661 V,
220 1590 249 1646 9.
275 1589 385 1646 iuuenis
403 1589 565 1644 exstinctus
583 1596 627 1645 est
646 1606 763 1645 summu
789 1598 1013 1666 consecuturus,
1039 1594 1068 1651 si
1086 1597 1146 1652 nir-

62 1674 143 1727 tutes
162 1672 225 1727 sius
244 1671 461 1727 matumissent.
498 1666 627 1749 'Baebius
646 1668 771 1749 adeptus
789 1669 832 1728 sic
851 1669 992 1749 explicat,
1014 1683 1049 1732 ut
1063 1676 1147 1756 Aper

61 1768 128 1810 non
148 1747 245 1809 dicere
264 1748 394 1819 voluerit
414 1750 579 1807 Maternum
605 1746 661 1817 iam
680 1768 798 1807 summa
817 1750 957 1846 adeptum
981 1772 1063 1831 esse,
1093 1755 1146 1817 sed

62 1850 133 1891 eum
155 1850 267 1901 summa
286 1828 406 1927 adipisci
424 1848 513 1910 posse
535 1849 591 1925 pro
611 1827 709 1888 inuata
730 1829 914 1911 eloquentiae
933 1833 1049 1909 indole,
1069 1840 1145 1915 quad

62 1911 110 1972 ris
130 1911 204 1972 insit
222 1912 253 1970 in
272 1911 427 1991 participio
445 1910 558 1985 aoristr,
578 1911 670 1989 quod,
692 1932 782 1990 quum
802 1913 837 1971 ed
857 1913 1011 1991 quodlibet
1026 1926 1144 1998 tempus

61 1992 229 2068 reieratur,
261 1992 346 2052 etiam
365 2012 422 2072 pro
442 1990 545 2049 tuturo
564 1991 734 2050 admittatur
752 1990 800 2053 vel
819 1993 938 2074 potius,
966 2006 1002 2055 ut
1022 1999 1144 2058 omniuo

61 2074 226 2134 denotetur
242 2073 351 2153 aliquid
371 2071 437 2131 fieri
462 2086 560 2152 posse·
610 2072 652 2132 At
678 2072 709 2131 in
730 2086 871 2134 annotatt.
893 2076 929 2135 ad
956 2078 1033 2136 Anu.
1056 2080 1092 2151 ll,
1114 2087 1144 2139 8.

61 2156 88 2231 l,
110 2160 160 2215 76.
183 2149 307 2215 ducibus
329 2152 505 2214 ltamsboru.
527 2154 582 2212 Gr.
595 2176 623 2234 p.
640 2157 709 2213 659.
723 2165 753 2212 et
769 2154 889 2216 Walcb.
906 2157 941 2217 ad
957 2157 1025 2218 Tae.
1043 2157 1144 2241 Agris.

61 2252 94 2333 p.
109 2239 179 2295 355.
200 2246 287 2295 usum
306 2232 478 2315 perierunt
491 2233 592 2315 partic.
612 2234 686 2315 peri.
706 2232 742 2295 dc
764 2255 811 2295 ou.
831 2241 957 2315 ἀορίστως
976 2240 1144 2319 positorum

60 2314 224 2377 illustrarit
241 2316 379 2397 quidem,
399 2315 451 2376 sed
472 2315 560 2375 nullis
581 2314 720 2397 exemplis
742 2258 800 2378 linc
819 2317 1053 2398 pertinentibus,
1076 2321 1144 2401 qui·

60 2396 120 2459 bus
139 2395 301 2478 probetur,
319 2396 422 2477 partic.
442 2395 515 2476 peri.
537 2397 641 2476 depou.
662 2396 735 2476 poni
755 2398 860 2473 dere,
884 2413 1025 2478 quaeant
1045 2402 1145 2464 sutura

62 2477 369 2559 detorquentes}
417 2476 500 2537 ussit.
541 2476 696 2553 Scbulzius
715 2498 832 2538 summa
852 2481 976 2574 adeptm
995 2480 1143 2562 interpre-

60 2570 161 2700 taltprrie
181 2578 353 2640 quamquam
371 2500 415 2621 ad
427 2579 573 2619 summum
592 2556 741 2640 fastigium
762 2559 946 2639 eloquentiae
965 2562 1144 2627 adscendere

60 2640 86 2701 fi
108 2640 118 2700 d
148 2640 264 2701 imerii·
1140 2676 1142 2681 ’

111 2704 197 2780 'nbi
215 2721 348 2780 ludicras
364 2732 476 2804 quoque
500 2725 583 2779 artes
603 2714 916 2781 exercere‘bonesturn
939 2718 1000 2805 est]
1037 2724 1142 2787 Senes.

60 2798 159 2884 Epist.
180 2808 229 2861 88.
264 2800 356 2861 Artes
378 2802 511 2861 ludicrae
532 2809 614 2868 sunt,
635 2821 710 2884 quae
730 2802 774 2861 ad
792 2804 968 2885 uoluptatem
990 2808 1143 2868 oculorum

23 2868 28 2883 Ι
62 2894 155 2966 atquo
172 2884 290 2943 aurium
309 2886 465 2964 pertinent.
506 2881 716 2964 intelliguntur
734 2884 810 2964 apud
834 2886 964 2946 Graecos
986 2899 1062 2947 artes
1085 2911 1144 2986 gy-

62 2964 178 3026 mnicac
194 2976 225 3024 et
247 2965 373 3024 musica:
393 2963 456 3023 aliis
477 2973 573 3023 tamen
591 2963 663 3023 locis
686 2985 775 3024 seusu
796 2965 945 3026 strictiore
965 2988 1012 3026 ars
1032 2968 1144 3031 ludicra

63 3056 113 3106 est
140 3044 419 3106 histrionalistiv.
442 3044 506 3119 Vll,
531 3050 560 3105 2.
590 3045 683 3120 XLV,
710 3052 759 3105 32.
793 3048 865 3122 Tac.
891 3053 970 3106 Anu.
990 3050 1071 3124 XIV,
1096 3056 1143 3111 16.

62 3138 334 3189 commemorantur
359 3127 494 3186 ludicrae
519 3124 648 3186 Neronis
671 3121 753 3185 ar'tcs
779 3126 1006 3207 (citharoedis),
1035 3130 1143 3208 quibus

63 3230 111 3291 ep.
126 3212 183 3269 ¹1⁵.
203 3209 343 3287 dunestor
364 3218 446 3267 artes
467 3217 667 3287 opponuntur.
705 3207 809 3282 Quint.
831 3210 880 3283 ΙΙΙ,
902 3214 932 3285 6,
956 3213 1002 3268 18.
1021 3215 1072 3292 qui
1089 3232 1143 3271 αν-

20 3286 23 3293 '
61 3300 125 3350 tem
144 3289 289 3349 ludicram
306 3294 490 3363 exercuerit,
510 3292 539 3347 in
559 3288 793 3370 quattuordecim
811 3293 916 3370 ,ur-imis
936 3291 1086 3367 ordinibus
1107 3310 1144 3352 ne

61 3370 177 3432 sedeat.
218 3371 371 3445 Quantum
397 3371 525 3452 pretium
549 3390 582 3428 ac
602 3368 772 3451 dignitatem
792 3371 827 3429 ad
853 3369 961 3451 pueros
984 3368 1145 3434 liberaliter

62 3450 231 3515 educandos
254 3448 493 3513 etiustituendos
510 3449 669 3509 tribuerint
684 3450 790 3510 Gracci
810 3449 855 3511 bis
877 3452 988 3512 artibus
1006 3455 1143 3515 omuibus

64 3532 193 3595 distare
211 3532 329 3593 Lueian.
342 3533 500 3594 Anachars.
517 3552 541 3593 c.
554 3542 666 3590 aunott.
681 3532 807 3591 Schoeu.
823 3544 853 3592 ct
867 3535 915 3592 Fr.
932 3534 1042 3594 lacobs.
1061 3542 1144 3595 e‘om-

63 3625 185 3675 meutat
205 3613 255 3672 iib.
274 3615 303 3673 d.
320 3614 489 3697 Erziebuug
509 3612 536 3671 d.
552 3611 671 3671 Griecb.
689 3634 712 3670 a.
726 3613 905 3672 Sittlicbkeit
924 3613 954 3672 in
970 3615 1047 3695 (lpp.
1062 3616 1144 3677 misc.

60 3694 134 3755 Vol.
146 3696 193 3753 ΙΙΙ.
206 3712 237 3775 p.
252 3699 321 3776 1sq.
343 3696 440 3772 Quam'
453 3715 557 3777 parum
571 3693 713 3753 honestae
729 3705 759 3753 et
774 3695 858 3754 laude
871 3714 932 3752 non
948 3694 1051 3776 dignae
1062 3708 1144 3758 *artes

62 3776 212 3850 ludicrae,
232 3776 314 3836 velut
327 3776 495 3861 gymniose,
517 3774 651 3850 saltatio,
672 3774 801 3848 musica,
823 3796 869 3833 ars
890 3775 1013 3850 scenica,
1034 3779 1145 3838 Roma-

61 3858 111 3918 nis
123 3856 237 3917 suerint
247 3852 330 3917 ¹visae
343 3858 494 3941 colligitur
509 3876 526 3915 e
542 3855 650 3915 multis.
666 3855 757 3915 locis:
777 3857 815 3914 vd
831 3857 898 3913 Tac.
913 3859 989 3914 Anu.
1007 3859 1086 3932 xlv,
1097 3865 1145 3921 16.

62 3946 121 3999 20:
136 3943 194 3998 21..
215 3934 385 4003 Cic..Tusc.
401 3943 425 4015 Ι,
442 3944 479 4019 2.Ι
498 3938 583 3996 Brut.
600 3942 626 3996 1.
648 3958 672 3996 c.
693 3949 792 3997 annot.
815 3936 940 3995 Ellendt.
962 3935 1053 3999 Corn.
1069 3942 1145 4033 Nep.

60 4018 184 4101 praefat.
209 4018 342 4099 Epamin.
371 4024 397 4080 1.
432 4017 594 4078 Bernba'rd.
623 4018 755 4077 Gruudr.
785 4019 812 4077 d.
842 4020 946 4078 Roem.
968 4019 1024 4079 Lit.
1046 4044 1075 4102 p.
1097 4026 1145 4085 14.

62 4099 190 4173 Gelbelt.
202 4101 240 4160 de
254 4101 440 4161 cassinium.
458 4120 515 4180 qua
529 4098 635 4159 sccuic.
646 4100 732 4159 Rom.
748 4099 896 4159 notabant.
919 4100 999 4182 Lips.
1013 4107 1101 4163 1835.
1115 4106 1146 4163 4.

111 4178 114 4183 ’
147 4198 187 4249 ao
204 4180 261 4242 tibi
277 4182 449 4246 Nicostrati
458 4182 548 4241 robur
567 4198 607 4239 ac
622 4183 698 4265 uires
710 4180 755 4241 dii
768 4180 961 4267 dedissent·-
973 4182 1146 4263 enarrare]

892 4273 938 4332 ὃ*
