2634 4656
514 264 686 347 'Cag.V.
762 284 768 297 “
1108 273 1152 334 tt

511 391 758 489 δοχὴν.»

169 536 260 630 Ego.
277 564 375 625 vero,
409 538 518 635 inquit
542 539 740 629 Secundus,
776 558 951 642 ariteqnam
981 571 1035 616 me
1058 543 1147 628 iudi-

67 660 141 705 cent
165 636 267 733 Aper
278 653 427 724 recuset,
453 636 571 710 saciant
596 640 689 736 quotl
709 640 808 739 probi
835 658 866 713 et
891 642 1033 717 modesti
1058 643 1148 716 iudi-

67 759 123 803 ces
146 732 273 822 solent,
298 750 336 806 ut
358 737 393 807 in
419 737 460 807 iis
486 737 734 832 cognitionibus
757 757 930 828 excusent,
960 742 995 813 in
1021 742 1147 841 quibus

65 831 281 905 manifestum
314 851 365 905 cst
388 834 522 908 alteram
556 836 646 934 opud
681 865 737 910 eos
763 853 891 937 portem
915 840 1022 936 gratia
1050 867 1149 939 prae-

66 929 187 1002 valere.
233 931 326 1028 'Quis
351 935 438 1007 enim
464 935 570 1008 nescit
591 937 756 1010 neminem
779 936 860 1009 mibi
886 938 1148 1013 coniunctiorem

66 1056 142 1102 csse
170 1046 203 1102 et
232 1058 295 1104 usu
331 1033 493 1112 anticitiae
524 1050 557 1106 et
581 1033 776 1142 assiduitate
801 1035 1013 1109 contubernii
1046 1065 1148 1138 quam

65 1196 158 1261 Betk.
179 1219 307 1277 quocum
329 1221 345 1260 e
364 1199 457 1262 Codd.
471 1203 558 1262 Earn.
572 1203 682 1263 Vaticc.
702 1206 785 1263 illam
806 1217 981 1285 receperunt
998 1202 1147 1266 Boetticb.

66 1280 114 1337 W
115 1278 187 1338 ultb.
204 1281 277 1340 niu.
296 1280 384 1341 Bacb.
411 1284 468 1341 Vd.
490 1283 525 1343 de
546 1284 714 1362 eloquentia
733 1307 777 1365 cp.
796 1290 843 1346 12.
879 1285 1018 1366 Exempla
1038 1285 1163 1359 borum¹

63 1358 279 1421 adiectivorum
306 1363 533 1431 coniunctorum
559 1365 657 1424 attulit
677 1366 843 1427 Eckstein.:
873 1365 933 1427 Cic.
953 1367 1147 1447 Tuse'Disp.

65 1443 108 1516 Y,
130 1446 180 1518 13,
201 1448 250 1503 37.
292 1444 352 1503 Ea.
364 1447 420 1504 boe
439 1446 578 1506 Platonis
598 1450 684 1524 quasi
702 1448 831 1524 quodam
845 1458 949 1507 sancto
965 1458 1148 1525 augustoque

55 1519 147 1600 santa
166 1534 270 1583 nostra
290 1530 385 1585 omnis
404 1528 538 1587 manabit
560 1533 666 1587 oratio.
695 1529 762 1589 Nat.
777 1530 815 1589 D.
835 1531 859 1605 l,
878 1531 931 1607 42,
954 1533 1023 1589 119.
1056 1528 1148 1590 Eleu·
1211 1541 1215 1557 '

61 1606 162 1664 sinam
182 1616 320 1666 sanatam
340 1609 422 1666 illam
443 1618 476 1667 et
493 1620 660 1683 augustam.
762 1672 765 1678 ,
1116 1610 1122 1617 ’

65 1732 83 1785 ',
126 1699 198 1782 Cap.
219 1705 256 1762 V.
293 1704 382 1784 probi
400 1715 430 1762 et
448 1704 589 1786 modesti]
609 1705 752 1765 Probitas
773 1717 802 1765 et
819 1707 965 1772 modestia
984 1706 1083 1766 iuncta
1103 1705 1149 1768 le·

61 1794 180 1941 ¹glqm2tqr
207 1806 251 1865 cp.
276 1789 326 1844 29.
349 1787 399 1845 40.
426 1787 527 1846 Germ.
549 1793 617 1863 36„
643 1789 755 1868 probus
782 1798 812 1847 ot
833 1788 982 1848 modestus
1002 1786 1064 1851 Cic.
1085 1786 1148 1849 Oli.

65 1990 71 1996 -
146 1964 180 2015 ut
200 1958 231 2014 in
251 1960 289 2016 iis
308 1940 519 2031 cognitionibus
545 1956 702 2039 excusent]
736 1957 879 2020 Pithoeus
905 1957 967 2019 inte
1005 1933 1086 2020 osbit
1113 1980 1147 2020 se

61 2037 94 2096 iu
116 2037 254 2099 omuibus
276 2035 371 2098 Codrl.
396 2039 491 2099 adhuc
519 2039 631 2100 collatis
656 2039 814 2113 omissum,
842 2062 929 2120 quem
951 2041 976 2099 E
997 2042 1024 2099 d.
1044 2053 1147 2121 poste·

61 2117 160 2178 riores
181 2130 253 2179 scrut
269 2119 363 2178 secuti
382 2132 499 2200 praeter
519 2121 624 2195 Bacch„
654 2120 722 2200 qnia
740 2142 905 2202 pronomen
926 2142 987 2181 non
1010 2122 1145 2202 requira-

60 2209 113 2259 tur
134 2199 175 2259 ob
195 2201 295 2282 Agric-
313 2204 363 2260 42.
399 2202 589 2261 Domitianus
606 2213 735 2282 paratus
754 2205 941 2262 simulatione
959 2203 1058 2262 audiit
1073 2223 1145 2284 pre-

61 2301 113 2340 ces
133 2286 313 2340 excusantis.
343 2283 425 2342 Suet.
448 2283 550 2343 Ortar.
572 2289 864 2362 35.·-seroaoitque
880 2288 972 2344 etiam
996 2296 1145 2344 esucusart·

58 2362 141 2421 tibus
165 2365 277 2437 insigne
297 2367 383 2422 restis
401 2364 528 2445 -‘ibiq.
546 2365 644 2424 Brern.
693 2368 736 2424 Ut
756 2365 852 2444 possit
879 2378 960 2425 recte
979 2364 1143 2442 diiudicari,
1171 2383 1184 2398 ‘

59 2465 134 2503 num
167 2440 241 2503 illud
274 2443 500 2504 additamentum
538 2445 826 2520 sit‘neccssnrium,
868 2466 1033 2526 proponam
1071 2446 1141 2506 alias
1177 2511 1183 2522 ¹

59 2535 226 2584 structuras
246 2523 333 2602 buius
354 2524 453 2585 verbi:
469 2592 471 2597 ,
490 2524 530 2606 1)ι
542 2525 699 2584 Excusare
718 2525 842 2604 aliquid:
871 2525 945 2584 Plin.
968 2527 1041 2606 Epp.
1062 2529 1141 2602 Vlll,

61 2611 113 2680 to,
131 2611 158 2665 1.
179 2606 268 2665 Hune
280 2607 374 2664 solum
391 2607 467 2665 diem
486 2604 603 2665 excuso.
633 2606 667 2687 2)
682 2605 838 2664 Excusare
852 2605 975 2686 aliquem
991 2606 1023 2686 a)
1037 2604 1140 2667 alicui:
1171 2669 1174 2675 ,

59 2684 125 2747 cte.
144 2687 219 2767 Epp.
234 2687 280 2765 ab
296 2689 374 2746 Farn.
398 2691 448 2761 tlt,
472 2693 517 2746 15.
562 2687 700 2761 Collegae
721 2687 885 2761 mandasti,
908 2697 941 2745 ut
956 2697 985 2746 te
1001 2687 1076 2746 mibi
1085 2707 1141 2766 per

57 2769 178 2827 litteras
196 2777 362 2827 excusaret.
391 2768 425 2849 b)
445 2769 520 2848 apud
541 2769 681 2846 aliquem:
714 2766 775 2828 Cic.
798 2768 873 2848 Epp.
899 2768 936 2827 acl
962 2767 1052 2827 Attic.
1073 2769 1139 2844 llll,

59 2853 109 2909 14.
145 2849 259 2908 Deme
283 2849 452 2908 excusando
474 2849 555 2931 apud
573 2849 748 2929 Appuleium
771 2849 912 2908 dederam
934 2849 977 2906 ad
995 2858 1024 2907 te
1041 2849 1139 2929 pridie

57 2932 185 2990 litteras.
224 2927 259 3010 3)
281 2929 437 2989 Excusare
458 2951 490 2990 se
510 2964 552 2975 --
578 2935 719 2989 excusari
736 2929 822 2989 alicui
841 2928 903 2989 rei:
932 2930 1007 2989 Plin.
1030 2930 1137 3013 Paneg.

58 3017 109 3072 57.
130 3011 200 3091 ibiq.
219 3010 367 3071 Schware.
388 3045 425 3057 -
449 3021 481 3070 ut
501 3015 562 3071 iam
584 3022 743 3070 coerrsatus
770 3011 935 3070 bonoribus.
976 3010 1012 3090 4)
1033 3010 1137 3069 Exau-

56 3112 129 3153 sare
145 3091 233 3152 alicui
248 3091 373 3171 aliquid:
394 3093 516 3152 Sueton.
538 3092 597 3152 Tit.
621 3097 667 3153 ll.
686 3125 721 3137 -
743 3112 890 3150 excusans
911 3095 1002 3148 etiam
1014 3088 1136 3167 ⁸foetum

55 3177 227 3234 tenuissima
251 3177 363 3251 cuique.
396 3173 471 3232 Plin.
492 3175 566 3312 Eqp.
587 3176 610 3249 l,
639 3179 669 3247 7,
697 3181 725 3232 2.
767 3172 885 3231 Etenim
910 3174 988 3229 sieut
1007 3171 1063 3248 sas
1090 3181 1135 3229 est

56 3256 150 3327 mibi,
171 3258 348 3335 praesertim
372 3265 401 3312 te
422 3259 507 3330 exige
540 3274 572 3327 e,
602 3273 748 3312 excusare
766 3254 900 3312 Baeticis
919 3261 1024 3310 eontra
1045 3273 1134 3310 unum

20 3392 23 3397 .
54 3336 202 3396 bominem
229 3335 460 3395 aduocationem.
502 3334 537 3414 5)
565 3333 722 3393 Eaemare
745 3355 777 3394 se
796 3335 834 3393 de
853 3333 947 3411 aliqua
970 3354 1019 3392 re:
1049 3330 1133 3392 Caes.
1229 3344 1234 3352 ‘

53 3417 90 3478 B.
114 3417 154 3478 G.
174 3418 227 3489 lV,
247 3423 297 3476 22.
319 3446 357 3462 -·
379 3417 472 3491 legati
491 3426 645 3490 uenerunt,
666 3418 716 3493 qui
734 3435 765 3473 se
787 3414 824 3473 de
842 3417 1001 3494 superioris
1020 3422 1133 3493 tempo-

54 3502 99 3558 ris
119 3500 241 3559 canalio
262 3507 446 3556 excusarent.
496 3494 530 3573 6)
556 3497 713 3556 Excusare
741 3515 772 3555 se
800 3494 831 3553 in
859 3494 953 3572 aliqua
987 3514 1037 3554 re:
1068 3493 1132 3555 Cic.

53 3579 299 3662 EppradQuint.
320 3578 356 3637 ir.
372 3580 406 3651 ll,
424 3585 452 3637 2.
481 3577 535 3636 Et
551 3582 680 3658 primum
695 3596 742 3635 me
762 3576 817 3634 tibi
831 3595 940 3633 excerso
959 3577 990 3632 in
1006 3595 1039 3632 eo
1055 3578 1130 3653 ipso,

53 3665 85 3720 in
118 3681 176 3740 quo
210 3669 239 3718 te
267 3668 393 3718 accuso:
426 3658 474 3716 vtl.
501 3659 677 3718 Ramsborn.
715 3657 769 3716 Gr.
798 3655 826 3736 §.
858 3659 924 3714 124.
974 3655 1131 3714 Excusare

54 3746 85 3802 in
104 3741 319 3816 cognitionibus
338 3741 367 3798 b.
389 3739 408 3798 l.
432 3739 572 3797 dicuntur
591 3739 631 3810 ii,
659 3737 710 3816 qui
731 3735 857 3795 delatum
878 3735 912 3793 ad
935 3755 967 3792 se
988 3735 1128 3794 iurliriurn

54 3822 208 3904 suscipere
227 3821 333 3880 nolunt
351 3820 526 3898 causasque,
544 3831 602 3879 cur
621 3819 732 3877 iudices
757 3836 822 3875 esse
842 3813 957 3888 nolint,
979 3815 1115 3875 afferunt.

81 3930 84 3941 '
138 3918 317 3977 assiduitate
344 3914 540 3998 contubernii]
574 3911 763 3975 Contubernii
782 3909 956 3969 vocabulum
981 3924 1130 3973 castrense

72 3998 176 4080 roprie
201 3999 346 4080 significat
374 4019 557 4057 communem
576 3995 784 4068 habitationem
805 3991 836 4048 in
858 3992 961 4050 eodem
980 3993 1128 4064 tentorio;

52 4022 160 4141 beinde
175 4080 344 4139 convictum
365 4089 395 4137 et
407 4078 628 4136 familiaritatem
641 4074 814 4135 cotidianam
835 4071 1005 4149 amicorum,
1026 4073 1130 4154 impri-

54 4161 110 4249 mis
127 4181 244 4238 eoram,
266 4179 341 4245 quos
358 4159 397 4219 ob
414 4158 510 4235 studia
524 4171 554 4219 et
568 4178 667 4218 mores
684 4154 818 4215 homines
834 4153 941 4216 divites
956 4166 986 4215 et
999 4155 1129 4215 illustres
