2634 4656
435 346 438 351 .
518 293 677 377 scapi.
797 281 816 319 ‘¹
880 274 887 286 ’
1131 302 1153 363 5

68 444 144 516 dem
172 442 261 517 hanc
288 445 516 543 quaestionem
548 463 788 547 pertractantes
816 435 945 520 iuvenis
971 448 1154 526 admodum

67 543 192 615 andivi.
244 545 292 616 lta
319 571 388 615 non
412 545 569 642 ingenio,
595 540 656 618 sed
682 546 841 619 memoria
860 574 899 619 ac
921 548 1154 624 recordatione

65 671 155 742 opus
179 661 240 730 est,
264 658 312 730 nt,
339 671 424 743 quae
451 672 469 716 a
493 645 787 760 praestantissimis
809 647 889 718 viris
915 663 948 721 et
968 650 1154 745 excogitata

63 741 235 815 subtiliter
261 758 293 814 et
310 742 396 814 dicta
415 761 560 841 gravrter
577 744 702 845 accepi,
732 771 836 843 quum
857 745 981 843 singuli
1003 747 1152 823 diversas
1241 775 1245 780 ’

62 840 117 915 vel
145 841 282 915 easdem
307 841 367 916 sed
392 842 589 944 probabiles
615 872 732 918 causas
758 843 939 936 afferrent,
974 845 1055 920 dum
1080 847 1152 923 lor-

62 1033 117 1073 nes
134 1009 338 1088 disertissimi,
363 1011 415 1073 ubi
432 1008 599 1092 eloquentia
608 1024 747 1093 corrupta
774 1027 835 1089 est,
857 1010 923 1076 cnm
938 1014 1066 1096 antiquis
1082 1037 1151 1077 ora-
1190 1000 1196 1011 ’

60 1092 183 1155 toribus
209 1094 371 1174 comparari
397 1105 557 1173 nequeunt.
591 1094 648 1153 Vd.
664 1095 755 1171 Hcss.
770 1096 807 1156 ad
821 1097 914 1157 Tacit.
934 1099 1035 1160 Germ.
1060 1119 1106 1180 cp.
1119 1105 1150 1169 2.

61 1173 163 1236 Pabst.
184 1174 247 1236 Ecl.
269 1174 361 1235 Tacit.
383 1198 411 1257 p.
432 1181 501 1235 337.
529 1173 618 1235 Bach.
638 1175 674 1234 ad
693 1179 771 1236 Anu.
793 1180 816 1253 l,
838 1184 887 1239 65.

145 1269 382 1353 pertractantes]
402 1271 599 1331 Pertraetare
612 1273 630 1332 i.
646 1295 673 1352 q.
689 1273 846 1355 diligenter
858 1287 983 1337 tractare
997 1277 1046 1338 vd.
1061 1277 1149 1340 Hm·
1175 1279 1183 1286 ’

63 1351 103 1423 ad
122 1353 193 1413 Tac.
215 1355 316 1413 Germ.
338 1371 382 1434 cp.
405 1358 453 1413 11.
484 1353 609 1428 Quintil.
631 1356 696 1427 Xll,
720 1362 751 1427 2,
777 1360 823 1416 11.
1124 1368 1126 1372 ’

97 1450 103 1465 ’
147 1438 257 1493 iuvenis
272 1433 450 1516 admodum]
476 1432 719 1494 flano'Turselt.
740 1435 808 1495 Vol.
824 1438 846 1494 l.
866 1458 895 1516 p.
913 1441 980 1498 169.
1017 1438 1149 1500 »Admo-

63 1514 138 1575 dum
163 1516 299 1576 adiicitur
323 1515 473 1576 adiectivis
503 1527 533 1575 et
558 1515 721 1592 adverbiis,
753 1537 879 1596 quorum
904 1518 1150 1601 significationem

60 1596 178 1677 repleta
205 1597 327 1657 notione
355 1596 529 1656 determinat
564 1596 695 1676 adeoque
729 1599 944 1676 quodammodo
972 1613 1076 1682 auget,
1101 1612 1150 1681 ,et

62 1679 195 1739 eamdem
224 1679 283 1738 vim
304 1679 399 1751 addit,
432 1699 518 1757 quam
536 1699 591 1757 per
611 1678 731 1757 praebet
750 1678 782 1736 in
804 1680 1026 1760 compositione·
1039 1682 1150 1742 verbo-

60 1780 130 1901 {tt
148 1770 339 1900 1111111ΐέ
361 1758 1145 1905 t3t“l⁰ltt⁶⁶”⁸...l.⁰t.ltt'tttttt'ttltl·

60 1921 190 1996 beatur,
218 1933 269 1981 aut
290 1943 326 1982 ex
346 1921 495 1981 adiectivis
517 1862 590 1980 facil
611 1931 680 1983 sunt
700 1882 783 1979 velut
803 1862 931 1994 terdenis,
955 1945 1047 2003 puer,
1071 1924 1148 1987 ado·

61 2005 185 2064 Iesoens.
236 2002 375 2065 Ceterum
403 2024 506 2082 parum
533 2001 644 2075 refert,
669 2005 776 2070 'utrum
807 2002 949 2080 particula
971 2017 1040 2084 post
1060 2026 1148 2067 suum

60 2085 239 2146 vocabulum
259 2083 390 2154 obtineat
404 2083 519 2157 locum,
540 2095 686 2144 anantes
710 2083 743 2144 P.
761 2088 827 2142 171.
867 2084 1051 2145 »Admodum
1071 2086 1148 2147 ado-

60 2169 176 2227 lescens
189 2165 309 2246 proprie
326 2166 351 2224 is
367 2164 492 2240 dicitur,
511 2162 545 2224 ¹in
566 2185 625 2244 quo
647 2163 738 2222 multa
759 2164 853 2224 adhuc
876 2177 921 2224 est
940 2167 1146 2245 adolescentia,

46 2246 111 2310 ¹rel
133 2246 202 2306 satis
225 2244 460 2321 adolescentiae,
475 2245 583 2325 quique
603 2244 639 2311 ab
659 2245 845 2306 adolescendi
865 2244 924 2306 fine
944 2245 1033 2330 longe
1055 2247 1146 2308 abest.

59 2330 90 2391 ls
113 2328 201 2388 etiam
219 2327 453 2405 adolescentulus
472 2326 634 2406 appellatur
653 2338 687 2384 et
704 2327 1006 2406 peradulescensa-
1037 2329 1066 2392 A
1087 2330 1146 2390 Ta.

60 2409 125 2471 ¹cito
145 2409 203 2469 boc
222 2409 390 2469 adverbium
409 2408 613 2486 frequentatur
634 2407 669 2467 ad
689 2419 812 2469 aetatem
833 2408 1044 2470 definiendam:
1064 2410 1146 2470 Anu.

59 2492 86 2568 l,
108 2496 138 2550 3.
166 2491 327 2564 admodum
348 2489 526 2547 adolescens.
554 2488 631 2551 Hist.
653 2489 689 2561 ll,
710 2493 758 2545 78.
781 2489 833 2560 lv,
854 2494 883 2548 5.
919 2490 1019 2569 Agric.
1041 2496 1068 2550 7.
1084 2495 1145 2562 ,ἰυ-

62 2576 144 2649 venis
159 2571 346 2649 admodum..
370 2567 510 2630 Ceterum
531 2567 555 2627 si
578 2566 749 2641 statuimus,
770 2566 903 2627 Tacitum
925 2575 984 2628 805
1006 2581 1057 2630 aut
1073 2577 1143 2630 807.

58 2655 102 2713 U.
126 2651 160 2714 C.
188 2665 287 2713 natum
317 2673 381 2711 esse
410 2648 601 2709 vd.-Walch.
630 2648 665 2707 ad
681 2646 785 2731 ‚Agrio
808 2670 837 2729 p.
863 2654 949 2726 129„
982 2671 1041 2730 quo
1064 2671 1143 2712 anno

61 2734 140 2815 (828
161 2736 200 2793 U.
223 2732 272 2813 C.)
293 2733 341 2792 hic
361 2732 493 2814 dialogus
522 2729 637 2794 babitus
659 2741 721 2804 est,
751 2728 812 2789 eit
838 2726 946 2790 annum
959 2736 998 2791 21
1020 2743 1071 2792 aut
1093 2737 1144 2795 23.

59 2814 151 2877 Bach.
174 2813 205 2873 in
225 2815 302 2895 Altg.
324 2812 473 2893 Schulz'tg.
496 2816 582 2871 1832.
605 2812 639 2869 lt
658 2751 787 2870 Abtheii
807 2832 836 2891 p.
856 2817 925 2872 837.

153 2901 297 2957 memoria
317 2916 354 2954 aa
377 2890 598 2975 recordatione]
633 2892 820 2952 Recordatio
849 2902 878 2952 et
906 2896 1052 2954 memoria
1080 2890 1143 2955 Cic.

59 2976 141 3039 Lael.
169 2983 221 3052 27,
250 2982 317 3037 103.
350 2975 385 3036 de
412 2975 493 3037 Orat.
520 2979 572 3049 53,
596 2978 665 3032 228.
702 2976 862 3033 memoriae
896 2974 1066 3033 recordatio
1086 2975 1143 3036 ‘de

14 3064 18 3077 ’
58 3060 149 3129 Orat.
169 3061 192 3133 l,
214 3065 244 3133 2,
265 3061 293 3118 4.
334 3057 501 3116 Discrimeu
518 3055 567 3113 hb.
587 3076 635 3114 vv.
654 3053 842 3114 Doederlein.
863 3055 926 3114 Lat.
945 3055 1019 3139 Syn.
1035 3053 1102 3114 Vol.
1120 3057 1143 3114 1.

84 3184 91 3199 .
115 3145 184 3200 166.
204 3122 247 3198 iic
267 3136 417 3211 delinivit,
446 3148 481 3196 ut
501 3134 641 3196 memoria
663 3135 701 3195 sit
722 3135 919 3194 Geddeltnis‘s
937 3136 1000 3196 und
1020 3135 1142 3205 Arden-

59 3163 117 3283 llan
139 3218 280 3301 (palpo),
296 3218 462 3277 recordatio
489 3216 785 3290 Wiedererr'nnerung
805 3213 986 3296 (ἅνάμιησις).

145 3310 234 3383 qrsum
249 3301 358 3374 singuli
372 3300 503 3358 diversas
518 3300 563 3357 oel
583 3297 702 3356 easdem
716 3297 770 3356 sed
784 3298 953 3378 probabiles
970 3316 1087 3355 causas.
1100 3293 1142 3375 af

52 3381 190 3464 serrem]
213 3403 298 3464 quom
316 3402 332 3440 e
350 3379 424 3442 Cod.
439 3380 524 3439 Fam.
546 3378 666 3438 eandem
687 3373 1034 3458 scripturam‘exhibente
1050 3399 1094 3458 ep.
1111 3380 1141 3437 5.

60 3486 152 3548 quam
165 3468 318 3545 optimum,
339 3483 382 3543 cp.
394 3466 440 3520 10.
450 3482 537 3542 quom
552 3461 616 3534 tibi,
632 3481 676 3539 cp.
689 3463 735 3518 19.
753 3480 838 3539 quom
856 3465 915 3535 oia,
932 3481 975 3538 cp.
986 3462 1034 3517 35.
1052 3480 1139 3539 quom

57 3550 165 3628 pueri,
187 3543 297 3624 recepit
310 3542 415 3619 Bach.,
437 3542 520 3603 cuius
534 3540 582 3600 vd.
596 3540 734 3622 Prolegg.
749 3539 818 3598 Vol.
837 3542 869 3600 ll.
888 3563 917 3622 p.
931 3541 1007 3600 Vlll.
1028 3536 1140 3635 Reisig.

60 3627 147 3689 Vorl.
156 3626 184 3708 ξ.
195 3631 262 3685 160.
281 3627 399 3683 Mureto
416 3636 445 3682 et
459 3622 560 3703 Lipsio
573 3621 663 3681 rerba
680 3623 725 3679 oeI
736 3621 855 3684 easdem
871 3641 1025 3701 superesse
1042 3641 1140 3717 suspt·
1245 3622 1249 3627 ’

48 3707 197 3770 'cautious
212 3706 372 3766 assentitur
386 3705 539 3778 Rittcrus,
555 3702 639 3762 uncis
658 3722 691 3760 ea
710 3701 879 3762 includens:
901 3701 1035 3760 „Tacitus
1059 3722 1155 3783 emm·

60 3789 92 3850 in
123 3787 311 3862 iustissimam
339 3784 600 3866 reprehensionem
632 3783 815 3858 incurreret,
851 3783 877 3841 si
903 3802 1043 3862 personas
1072 3804 1139 3842 suas

59 3870 178 3931 easdem
199 3889 299 3928 causas
317 3868 472 3925 asserentes
490 3863 669 3936 induxisset,
693 3864 870 3940 eandemque
890 3882 953 3921 rem
974 3862 1018 3921 bis
1033 3863 1080 3921 vel
1093 3876 1140 3922 ter
1205 3920 1212 3937 ,

60 3949 259 4032 exposuisset.
299 3948 379 4033 Nihil
409 3947 465 4005 tale
492 3946 614 4026 legimus
637 3945 667 4002 in
692 3945 876 4009 sermonibus
898 3944 948 4025 qui
968 3956 1139 4025 supersunt,
1216 3944 1220 3949 ’

53 4050 116 4093 *nec
136 4030 232 4090 'faciti
259 4050 305 4087 ars
336 4028 479 4101 admittit,
508 4039 543 4084 ut
569 4026 601 4082 in
629 4025 778 4102 deperdita
804 4025 901 4105 operis
922 4036 1004 4106 parte
1026 4027 1140 4085 easdem

59 4123 220 4193 corruptae
235 4109 418 4189 eloquentiae
433 4129 538 4184 causas
549 4106 696 4184 expositas
712 4127 777 4166 esse
793 4107 954 4178 credamus,
974 4112 1040 4165 cum
1056 4127 1138 4186 prae,

15 4237 19 4246 -
60 4194 166 4260 sertim
192 4212 251 4255 uua
275 4191 480 4251 tautummodo
506 4188 609 4248 lacuna
635 4186 712 4269 (non
731 4187 840 4268 loquor
865 4187 903 4249 de
922 4186 1004 4256 biatu
1029 4207 1139 4268 paucu-
