<?xml version="1.0" encoding="UTF-8"?>
<!DOCTYPE html PUBLIC "-//W3C//DTD XHTML 1.0 Transitional//EN"
    "http://www.w3.org/TR/xhtml1/DTD/xhtml1-transitional.dtd">
<html xmlns="http://www.w3.org/1999/xhtml" xml:lang="en" lang="en">
 <head>
  <title>
</title>
<meta http-equiv="Content-Type" content="text/html;charset=utf-8" />
  <meta name='ocr-system' content='tesseract 3.04.00' />
  <meta name='ocr-capabilities' content='ocr_page ocr_carea ocr_par ocr_line ocrx_word'/>
</head>
<body>
  <div class='ocr_page' id='page_1' title='image "./dialogusdeorato00tacigoog_0124.png"; bbox 0 0 2634 4656; ppageno 0'>
   <div class='ocr_carea' id='block_1_1' title="bbox 426 233 1134 316">
    <p class='ocr_par' dir='ltr' id='par_1_1' title="bbox 426 233 1134 316">
     <span class='ocr_line' id='line_1_1' title="bbox 426 233 1134 316; baseline 0 -21"><span class='ocrx_word' id='word_1_1' title='bbox 426 233 680 316; x_wconf 68' lang='lat' dir='ltr'><strong>..00pr</strong></span> <span class='ocrx_word' id='word_1_2' title='bbox 796 264 848 289; x_wconf 91' lang='lat'><strong>.·</strong></span> <span class='ocrx_word' id='word_1_3' title='bbox 1094 238 1134 295; x_wconf 85' lang='grc'><strong>71</strong></span> 
     </span>
    </p>
   </div>
   <div class='ocr_carea' id='block_1_2' title="bbox 56 386 1137 577">
    <p class='ocr_par' dir='ltr' id='par_1_2' title="bbox 56 386 1137 577">
     <span class='ocr_line' id='line_1_2' title="bbox 56 386 1137 489; baseline 0.004 -33"><span class='ocrx_word' id='word_1_4' title='bbox 56 400 135 472; x_wconf 86' lang='lat' dir='ltr'><strong>tem,</strong></span> <span class='ocrx_word' id='word_1_5' title='bbox 156 386 278 486; x_wconf 85' lang='lat' dir='ltr'><strong>iuquit,</strong></span> <span class='ocrx_word' id='word_1_6' title='bbox 292 394 369 459; x_wconf 69' lang='lat' dir='ltr'><strong>non?</strong></span> <span class='ocrx_word' id='word_1_7' title='bbox 380 386 492 459; x_wconf 80' lang='lat' dir='ltr'><strong>minus</strong></span> <span class='ocrx_word' id='word_1_8' title='bbox 512 387 573 460; x_wconf 89' lang='lat' dir='ltr'><strong>diu</strong></span> <span class='ocrx_word' id='word_1_9' title='bbox 586 413 743 461; x_wconf 82' lang='lat' dir='ltr'><strong>accusare</strong></span> <span class='ocrx_word' id='word_1_10' title='bbox 758 403 906 463; x_wconf 84' lang='lat' dir='ltr'><strong>oratores</strong></span> <span class='ocrx_word' id='word_1_11' title='bbox 925 415 1024 489; x_wconf 83' lang='lat' dir='ltr'><strong>quam</strong></span> <span class='ocrx_word' id='word_1_12' title='bbox 1042 387 1137 488; x_wconf 82' lang='lat' dir='ltr'><strong>Aper</strong></span> 
     </span>
     <span class='ocr_line' id='line_1_3' title="bbox 56 483 1137 577; baseline 0.002 -21"><span class='ocrx_word' id='word_1_13' title='bbox 56 483 250 559; x_wconf 75' lang='lat' dir='ltr'>laudaverat</span> <span class='ocrx_word' id='word_1_14' title='bbox 265 484 355 577; x_wconf 84' lang='lat' dir='ltr'><strong>(fore</strong></span> <span class='ocrx_word' id='word_1_15' title='bbox 370 488 458 559; x_wconf 88' lang='lat' dir='ltr'><strong>enim</strong></span> <span class='ocrx_word' id='word_1_16' title='bbox 473 484 683 574; x_wconf 83' lang='lat' dir='ltr'><strong>arbitrabar,</strong></span> <span class='ocrx_word' id='word_1_17' title='bbox 708 502 746 558; x_wconf 89' lang='lat' dir='ltr'><strong>nt</strong></span> <span class='ocrx_word' id='word_1_18' title='bbox 769 513 789 559; x_wconf 92' lang='lat' dir='ltr'><strong>a</strong></span> <span class='ocrx_word' id='word_1_19' title='bbox 810 485 1000 560; x_wconf 73' lang='lat' dir='ltr'><strong>laudatione</strong></span> <span class='ocrx_word' id='word_1_20' title='bbox 1018 513 1137 560; x_wconf 85' lang='lat' dir='ltr'><strong>eorutu</strong></span> 
     </span>
    </p>
   </div>
   <div class='ocr_carea' id='block_1_3' title="bbox 56 582 1258 684">
    <p class='ocr_par' dir='ltr' id='par_1_3' title="bbox 56 582 1258 684">
     <span class='ocr_line' id='line_1_4' title="bbox 56 582 1258 684; baseline 0.004 -29"><span class='ocrx_word' id='word_1_21' title='bbox 56 582 234 679; x_wconf 80' lang='lat' dir='ltr'><strong>digressus</strong></span> <span class='ocrx_word' id='word_1_22' title='bbox 262 584 460 657; x_wconf 73' lang='lat' dir='ltr'><strong>detractaret</strong></span> <span class='ocrx_word' id='word_1_23' title='bbox 491 602 608 684; x_wconf 87' lang='lat' dir='ltr'><strong>poetas</strong></span> <span class='ocrx_word' id='word_1_24' title='bbox 642 602 741 683; x_wconf 87' lang='lat' dir='ltr'><strong>atque</strong></span> <span class='ocrx_word' id='word_1_25' title='bbox 771 587 953 658; x_wconf 87' lang='lat' dir='ltr'><strong>carminum</strong></span> <span class='ocrx_word' id='word_1_26' title='bbox 986 586 1138 660; x_wconf 86' lang='lat' dir='ltr'><strong>studium</strong></span> <span class='ocrx_word' id='word_1_27' title='bbox 1254 632 1258 639; x_wconf 94' lang='lat'><em>·</em></span> 
     </span>
    </p>
   </div>
   <div class='ocr_carea' id='block_1_4' title="bbox 55 683 1247 1079">
    <p class='ocr_par' dir='ltr' id='par_1_4' title="bbox 55 683 1247 1079">
     <span class='ocr_line' id='line_1_5' title="bbox 55 683 1137 783; baseline 0 -28"><span class='ocrx_word' id='word_1_28' title='bbox 55 685 314 781; x_wconf 62' lang='lat' dir='ltr'><strong>prosterneret)</strong></span> <span class='ocrx_word' id='word_1_29' title='bbox 337 700 407 763; x_wconf 86' lang='lat' dir='ltr'><strong>arte</strong></span> <span class='ocrx_word' id='word_1_30' title='bbox 441 684 587 783; x_wconf 89' lang='lat' dir='ltr'><strong>quadam</strong></span> <span class='ocrx_word' id='word_1_31' title='bbox 619 685 800 779; x_wconf 80' lang='lat' dir='ltr'><strong>mitigavit,</strong></span> <span class='ocrx_word' id='word_1_32' title='bbox 835 685 1051 759; x_wconf 88' lang='lat' dir='ltr'><strong>concedendo</strong></span> <span class='ocrx_word' id='word_1_33' title='bbox 1081 683 1137 773; x_wconf 86' lang='lat' dir='ltr'><strong>iis,</strong></span> 
     </span>
     <span class='ocr_line' id='line_1_6' title="bbox 57 781 1137 882; baseline 0.004 -30"><span class='ocrx_word' id='word_1_34' title='bbox 57 781 117 880; x_wconf 89' lang='lat' dir='ltr'><strong>qui</strong></span> <span class='ocrx_word' id='word_1_35' title='bbox 138 808 257 854; x_wconf 89' lang='lat' dir='ltr'><strong>causas</strong></span> <span class='ocrx_word' id='word_1_36' title='bbox 285 809 383 877; x_wconf 84' lang='lat' dir='ltr'><strong>agere</strong></span> <span class='ocrx_word' id='word_1_37' title='bbox 398 810 467 854; x_wconf 92' lang='lat' dir='ltr'><strong>non</strong></span> <span class='ocrx_word' id='word_1_38' title='bbox 487 799 642 882; x_wconf 83' lang='lat' dir='ltr'><strong>possent,</strong></span> <span class='ocrx_word' id='word_1_39' title='bbox 669 799 705 853; x_wconf 89' lang='lat' dir='ltr'><strong>ut</strong></span> <span class='ocrx_word' id='word_1_40' title='bbox 730 809 845 855; x_wconf 88' lang='lat' dir='ltr'><strong>versus</strong></span> <span class='ocrx_word' id='word_1_41' title='bbox 867 784 1023 857; x_wconf 82' lang='lat' dir='ltr'><strong>facerent.</strong></span> <span class='ocrx_word' id='word_1_42' title='bbox 1061 785 1137 877; x_wconf 80' lang='lat' dir='ltr'><strong>Ego</strong></span> 
     </span>
     <span class='ocr_line' id='line_1_7' title="bbox 58 877 1247 997; baseline -0.001 -46"><span class='ocrx_word' id='word_1_43' title='bbox 58 896 171 953; x_wconf 89' lang='lat' dir='ltr'><strong>antem</strong></span> <span class='ocrx_word' id='word_1_44' title='bbox 203 881 290 954; x_wconf 91' lang='lat' dir='ltr'><strong>sicut</strong></span> <span class='ocrx_word' id='word_1_45' title='bbox 313 881 349 953; x_wconf 93' lang='lat' dir='ltr'><strong>in</strong></span> <span class='ocrx_word' id='word_1_46' title='bbox 376 881 485 955; x_wconf 90' lang='lat' dir='ltr'><strong>causis</strong></span> <span class='ocrx_word' id='word_1_47' title='bbox 511 881 651 997; x_wconf 71' lang='lat' dir='ltr'><strong>agendis</strong></span> <span class='ocrx_word' id='word_1_48' title='bbox 682 879 813 955; x_wconf 85' lang='lat' dir='ltr'><strong>efficere</strong></span> <span class='ocrx_word' id='word_1_49' title='bbox 841 881 968 981; x_wconf 87' lang='lat' dir='ltr'><strong>aliquid</strong></span> <span class='ocrx_word' id='word_1_50' title='bbox 1001 898 1032 955; x_wconf 90' lang='lat' dir='ltr'><strong>et</strong></span> <span class='ocrx_word' id='word_1_51' title='bbox 1058 877 1139 957; x_wconf 88' lang='lat' dir='ltr'><strong>eniti</strong></span> <span class='ocrx_word' id='word_1_52' title='bbox 1244 962 1247 967; x_wconf 22' lang='lat'>¹</span> 
     </span>
     <span class='ocr_line' id='line_1_8' title="bbox 57 975 1140 1079; baseline 0.001 -30"><span class='ocrx_word' id='word_1_53' title='bbox 57 978 382 1079; x_wconf 85' lang='lat' dir='ltr'><strong>fortassepossum‘,</strong></span> <span class='ocrx_word' id='word_1_54' title='bbox 408 979 454 1053; x_wconf 93' lang='lat' dir='ltr'><strong>ita</strong></span> <span class='ocrx_word' id='word_1_55' title='bbox 476 980 669 1055; x_wconf 85' lang='lat' dir='ltr'><strong>recrtatione</strong></span> <span class='ocrx_word' id='word_1_56' title='bbox 688 980 936 1077; x_wconf 81' lang='lat' dir='ltr'><strong>tragoediarum</strong></span> <span class='ocrx_word' id='word_1_57' title='bbox 954 998 987 1054; x_wconf 84' lang='lat' dir='ltr'><strong>et</strong></span> <span class='ocrx_word' id='word_1_58' title='bbox 1005 975 1140 1079; x_wconf 77' lang='lat' dir='ltr'><strong>ingredi</strong></span> 
     </span>
    </p>
   </div>
   <div class='ocr_carea' id='block_1_5' title="bbox 59 1148 1194 1373">
    <p class='ocr_par' dir='ltr' id='par_1_5' title="bbox 59 1148 1194 1373">
     <span class='ocr_line' id='line_1_9' title="bbox 60 1148 1194 1231; baseline 0.004 -24"><span class='ocrx_word' id='word_1_59' title='bbox 60 1168 113 1207; x_wconf 87' lang='lat' dir='ltr'><strong>oro</strong></span> <span class='ocrx_word' id='word_1_60' title='bbox 134 1157 166 1207; x_wconf 89' lang='lat' dir='ltr'><strong>et</strong></span> <span class='ocrx_word' id='word_1_61' title='bbox 185 1148 331 1225; x_wconf 84' lang='lat' dir='ltr'><strong>obtestor,</strong></span> <span class='ocrx_word' id='word_1_62' title='bbox 361 1159 506 1227; x_wconf 77' lang='lat' dir='ltr'><strong>attotam</strong></span> <span class='ocrx_word' id='word_1_63' title='bbox 526 1169 649 1209; x_wconf 76' lang='lat' dir='ltr'><strong>euersam</strong></span> <span class='ocrx_word' id='word_1_64' title='bbox 670 1168 757 1231; x_wconf 83' lang='lat' dir='ltr'><strong>quam</strong></span> <span class='ocrx_word' id='word_1_65' title='bbox 779 1154 911 1211; x_wconf 78' lang='lat' dir='ltr'><strong>maxime</strong></span> <span class='ocrx_word' id='word_1_66' title='bbox 930 1155 1141 1213; x_wconf 68' lang='lat' dir='ltr'><strong>intentarem</strong></span> <span class='ocrx_word' id='word_1_67' title='bbox 1191 1198 1194 1211; x_wconf 89' lang='lat'><strong>.</strong></span> 
     </span>
     <span class='ocr_line' id='line_1_10' title="bbox 59 1228 1142 1373; baseline 0.005 -85"><span class='ocrx_word' id='word_1_68' title='bbox 59 1230 112 1303; x_wconf 79' lang='lat' dir='ltr'><strong>lr&#39;s,</strong></span> <span class='ocrx_word' id='word_1_69' title='bbox 144 1238 178 1288; x_wconf 86' lang='lat' dir='ltr'><strong>ut</strong></span> <span class='ocrx_word' id='word_1_70' title='bbox 199 1228 300 1313; x_wconf 79' lang='lat' dir='ltr'><strong>alunt,</strong></span> <span class='ocrx_word' id='word_1_71' title='bbox 314 1298 318 1305; x_wconf 28' lang='lat'>¹</span> <span class='ocrx_word' id='word_1_72' title='bbox 332 1233 574 1373; x_wconf 75' lang='lat' dir='ltr'><strong>contemplemini.</strong></span> <span class='ocrx_word' id='word_1_73' title='bbox 616 1230 732 1290; x_wconf 83' lang='lat' dir='ltr'><strong>latente</strong></span> <span class='ocrx_word' id='word_1_74' title='bbox 760 1252 812 1290; x_wconf 85' lang='lat' dir='ltr'><strong>ore</strong></span> <span class='ocrx_word' id='word_1_75' title='bbox 832 1231 851 1290; x_wconf 88' lang='lat' dir='ltr'><strong>i.</strong></span> <span class='ocrx_word' id='word_1_76' title='bbox 872 1253 897 1292; x_wconf 88' lang='lat' dir='ltr'><strong>e.</strong></span> <span class='ocrx_word' id='word_1_77' title='bbox 923 1231 1016 1292; x_wconf 89' lang='lat' dir='ltr'><strong>oculis</strong></span> <span class='ocrx_word' id='word_1_78' title='bbox 1037 1232 1070 1290; x_wconf 93' lang='lat' dir='ltr'><strong>iu</strong></span> <span class='ocrx_word' id='word_1_79' title='bbox 1089 1232 1142 1293; x_wconf 88' lang='lat' dir='ltr'><strong>ad-</strong></span> 
     </span>
    </p>
   </div>
   <div class='ocr_carea' id='block_1_6' title="bbox 39 1310 1191 2952">
    <p class='ocr_par' dir='ltr' id='par_1_6' title="bbox 39 1310 1191 2952">
     <span class='ocr_line' id='line_1_11' title="bbox 58 1310 1141 1453; baseline 0.005 -84"><span class='ocrx_word' id='word_1_80' title='bbox 58 1310 225 1453; x_wconf 65' lang='lat' dir='ltr'><strong>petentium</strong></span> <span class='ocrx_word' id='word_1_81' title='bbox 245 1310 397 1373; x_wconf 82' lang='lat' dir='ltr'><strong>conversis</strong></span> <span class='ocrx_word' id='word_1_82' title='bbox 424 1310 551 1392; x_wconf 86' lang='lat' dir='ltr'><strong>ieoque</strong></span> <span class='ocrx_word' id='word_1_83' title='bbox 572 1311 701 1375; x_wconf 86' lang='lat' dir='ltr'><strong>animum</strong></span> <span class='ocrx_word' id='word_1_84' title='bbox 728 1313 956 1375; x_wconf 86' lang='lat' dir='ltr'><strong>attentissimum</strong></span> <span class='ocrx_word' id='word_1_85' title='bbox 985 1312 1141 1375; x_wconf 81' lang='lat' dir='ltr'><strong>iudicanti-</strong></span> 
     </span>
     <span class='ocr_line' id='line_1_12' title="bbox 79 1414 126 1453; baseline -0.021 0"><span class='ocrx_word' id='word_1_86' title='bbox 79 1414 126 1453; x_wconf 88' lang='lat' dir='ltr'><strong>us.</strong></span> 
     </span>
     <span class='ocr_line' id='line_1_13' title="bbox 39 1491 1143 1577; baseline 0.005 -30"><span class='ocrx_word' id='word_1_87' title='bbox 39 1500 55 1505; x_wconf 86' lang='grc'>”</span> <span class='ocrx_word' id='word_1_88' title='bbox 140 1499 298 1571; x_wconf 83' lang='lat' dir='ltr'><strong>parantem</strong></span> <span class='ocrx_word' id='word_1_89' title='bbox 320 1494 350 1550; x_wconf 84' lang='lat' dir='ltr'><strong>r&#39;u</strong></span> <span class='ocrx_word' id='word_1_90' title='bbox 369 1495 429 1566; x_wconf 81' lang='lat' dir='ltr'><strong>uit,</strong></span> <span class='ocrx_word' id='word_1_91' title='bbox 456 1512 514 1550; x_wconf 83' lang='lat' dir='ltr'><strong>uon</strong></span> <span class='ocrx_word' id='word_1_92' title='bbox 535 1493 631 1549; x_wconf 82' lang='lat' dir='ltr'><strong>minue</strong></span> <span class='ocrx_word' id='word_1_93' title='bbox 652 1491 703 1549; x_wconf 84' lang='lat' dir='ltr'><strong>dr&#39;u</strong></span> <span class='ocrx_word' id='word_1_94' title='bbox 730 1510 874 1550; x_wconf 82' lang='lat' dir='ltr'><strong>accusare</strong></span> <span class='ocrx_word' id='word_1_95' title='bbox 900 1503 1034 1553; x_wconf 85' lang='lat' dir='ltr'><strong>oratores</strong></span> <span class='ocrx_word' id='word_1_96' title='bbox 1054 1513 1143 1577; x_wconf 85' lang='lat' dir='ltr'><strong>quam</strong></span> 
     </span>
     <span class='ocr_line' id='line_1_14' title="bbox 58 1569 1144 1655; baseline 0.003 -24"><span class='ocrx_word' id='word_1_97' title='bbox 58 1571 146 1651; x_wconf 81' lang='lat' dir='ltr'><strong>Aper</strong></span> <span class='ocrx_word' id='word_1_98' title='bbox 165 1572 342 1633; x_wconf 68' lang='lat' dir='ltr'><strong>laudaverat</strong></span> <span class='ocrx_word' id='word_1_99' title='bbox 379 1574 476 1639; x_wconf 87' lang='lat' dir='ltr'><strong>Locus</strong></span> <span class='ocrx_word' id='word_1_100' title='bbox 497 1573 529 1632; x_wconf 93' lang='lat' dir='ltr'><strong>in</strong></span> <span class='ocrx_word' id='word_1_101' title='bbox 551 1569 644 1632; x_wconf 89' lang='lat' dir='ltr'><strong>Codd.</strong></span> <span class='ocrx_word' id='word_1_102' title='bbox 666 1583 696 1631; x_wconf 87' lang='lat' dir='ltr'><strong>et</strong></span> <span class='ocrx_word' id='word_1_103' title='bbox 715 1572 789 1631; x_wconf 85' lang='lat' dir='ltr'><strong>Edd.</strong></span> <span class='ocrx_word' id='word_1_104' title='bbox 808 1574 1047 1653; x_wconf 76' lang='lat' dir='ltr'><strong>corruptissimus</strong></span> <span class='ocrx_word' id='word_1_105' title='bbox 1069 1574 1144 1655; x_wconf 83' lang='lat' dir='ltr'><strong>legi·</strong></span> 
     </span>
     <span class='ocr_line' id='line_1_15' title="bbox 58 1650 1191 1737; baseline 0.004 -26"><span class='ocrx_word' id='word_1_106' title='bbox 58 1664 121 1721; x_wconf 81' lang='lat' dir='ltr'><strong>tur.</strong></span> <span class='ocrx_word' id='word_1_107' title='bbox 159 1650 253 1713; x_wconf 88' lang='lat' dir='ltr'><strong>Codd.</strong></span> <span class='ocrx_word' id='word_1_108' title='bbox 274 1656 338 1715; x_wconf 78' lang='lat' dir='ltr'><strong>Par.</strong></span> <span class='ocrx_word' id='word_1_109' title='bbox 357 1653 444 1713; x_wconf 85' lang='lat' dir='ltr'><strong>Viud.</strong></span> <span class='ocrx_word' id='word_1_110' title='bbox 464 1654 538 1713; x_wconf 88' lang='lat' dir='ltr'><strong>Edd.</strong></span> <span class='ocrx_word' id='word_1_111' title='bbox 562 1652 640 1733; x_wconf 88' lang='lat' dir='ltr'><strong>Spir.</strong></span> <span class='ocrx_word' id='word_1_112' title='bbox 661 1655 728 1712; x_wconf 85' lang='lat' dir='ltr'><strong>Put.</strong></span> <span class='ocrx_word' id='word_1_113' title='bbox 749 1653 816 1712; x_wconf 87' lang='lat' dir='ltr'><strong>Ber.</strong></span> <span class='ocrx_word' id='word_1_114' title='bbox 837 1653 901 1712; x_wconf 79' lang='lat' dir='ltr'><strong>Alc.</strong></span> <span class='ocrx_word' id='word_1_115' title='bbox 918 1666 1020 1736; x_wconf 85' lang='lat' dir='ltr'><strong>parat.</strong></span> <span class='ocrx_word' id='word_1_116' title='bbox 1063 1655 1146 1737; x_wconf 79' lang='lat' dir='ltr'><strong>Quid</strong></span> <span class='ocrx_word' id='word_1_117' title='bbox 1189 1712 1191 1716; x_wconf 89' lang='lat'><strong>.</strong></span> 
     </span>
     <span class='ocr_line' id='line_1_16' title="bbox 59 1733 1146 1817; baseline 0.003 -23"><span class='ocrx_word' id='word_1_118' title='bbox 59 1737 139 1794; x_wconf 74' lang='lat' dir='ltr'><strong>etaim</strong></span> <span class='ocrx_word' id='word_1_119' title='bbox 162 1754 209 1794; x_wconf 85' lang='lat' dir='ltr'><strong>me</strong></span> <span class='ocrx_word' id='word_1_120' title='bbox 234 1756 309 1805; x_wconf 77' lang='lat' dir='ltr'><strong>aon,-</strong></span> <span class='ocrx_word' id='word_1_121' title='bbox 337 1735 411 1794; x_wconf 89' lang='lat' dir='ltr'><strong>Edd.</strong></span> <span class='ocrx_word' id='word_1_122' title='bbox 432 1733 528 1795; x_wconf 81' lang='lat' dir='ltr'><strong>lllren.</strong></span> <span class='ocrx_word' id='word_1_123' title='bbox 557 1745 588 1793; x_wconf 88' lang='lat' dir='ltr'><strong>ct</strong></span> <span class='ocrx_word' id='word_1_124' title='bbox 617 1752 697 1812; x_wconf 75' lang='lat' dir='ltr'><strong>seqq.</strong></span> <span class='ocrx_word' id='word_1_125' title='bbox 723 1737 848 1814; x_wconf 73' lang='lat' dir='ltr'><strong>parati,</strong></span> <span class='ocrx_word' id='word_1_126' title='bbox 877 1739 987 1817; x_wconf 74' lang='lat' dir='ltr'><strong>lnquit,</strong></span> <span class='ocrx_word' id='word_1_127' title='bbox 1014 1758 1060 1795; x_wconf 90' lang='lat' dir='ltr'><strong>me</strong></span> <span class='ocrx_word' id='word_1_128' title='bbox 1087 1758 1146 1797; x_wconf 83' lang='lat' dir='ltr'><strong>nou</strong></span> 
     </span>
     <span class='ocr_line' id='line_1_17' title="bbox 60 1813 1145 1896; baseline -0.001 -21"><span class='ocrx_word' id='word_1_129' title='bbox 60 1818 160 1875; x_wconf 68' lang='lat' dir='ltr'><strong>uanus</strong></span> <span class='ocrx_word' id='word_1_130' title='bbox 179 1815 247 1883; x_wconf 71' lang='lat' dir='ltr'><strong>dim·</strong></span> <span class='ocrx_word' id='word_1_131' title='bbox 277 1813 351 1876; x_wconf 88' lang='lat' dir='ltr'><strong>Cod.</strong></span> <span class='ocrx_word' id='word_1_132' title='bbox 371 1817 457 1875; x_wconf 82' lang='lat' dir='ltr'><strong>Farn.</strong></span> <span class='ocrx_word' id='word_1_133' title='bbox 475 1819 691 1896; x_wconf 79' lang='lat' dir='ltr'><strong>parant‘eru‘m</strong></span> <span class='ocrx_word' id='word_1_134' title='bbox 711 1815 782 1896; x_wconf 82' lang='lat' dir='ltr'><strong>qur&#39;d</strong></span> <span class='ocrx_word' id='word_1_135' title='bbox 807 1836 865 1872; x_wconf 87' lang='lat' dir='ltr'><strong>nou</strong></span> <span class='ocrx_word' id='word_1_136' title='bbox 892 1827 968 1877; x_wconf 87' lang='lat' dir='ltr'><strong>teste</strong></span> <span class='ocrx_word' id='word_1_137' title='bbox 990 1816 1145 1892; x_wconf 68' lang='lat' dir='ltr'><strong>Niebuhr,</strong></span> 
     </span>
     <span class='ocr_line' id='line_1_18' title="bbox 59 1892 1145 1980; baseline 0.001 -25"><span class='ocrx_word' id='word_1_138' title='bbox 59 1896 134 1979; x_wconf 77' lang='lat' dir='ltr'><strong>pald</strong></span> <span class='ocrx_word' id='word_1_139' title='bbox 153 1916 200 1955; x_wconf 89' lang='lat' dir='ltr'><strong>me</strong></span> <span class='ocrx_word' id='word_1_140' title='bbox 219 1892 396 1979; x_wconf 58' lang='lat' dir='ltr'><strong>Schluffig„</strong></span> <span class='ocrx_word' id='word_1_141' title='bbox 429 1898 507 1956; x_wconf 92' lang='lat' dir='ltr'><strong>unde</strong></span> <span class='ocrx_word' id='word_1_142' title='bbox 528 1894 678 1956; x_wconf 85' lang='lat' dir='ltr'><strong>Bekkerus</strong></span> <span class='ocrx_word' id='word_1_143' title='bbox 700 1895 817 1979; x_wconf 79' lang='lat' dir='ltr'><strong>egregie</strong></span> <span class='ocrx_word' id='word_1_144' title='bbox 841 1898 1004 1957; x_wconf 83' lang='lat' dir='ltr'><strong>emendarit</strong></span> <span class='ocrx_word' id='word_1_145' title='bbox 1030 1918 1145 1980; x_wconf 81' lang='lat' dir='ltr'><strong>parau-</strong></span> 
     </span>
     <span class='ocr_line' id='line_1_19' title="bbox 60 1970 1146 2056; baseline 0.002 -19"><span class='ocrx_word' id='word_1_146' title='bbox 60 1986 124 2037; x_wconf 85' lang='lat' dir='ltr'><strong>tem</strong></span> <span class='ocrx_word' id='word_1_147' title='bbox 138 1997 202 2050; x_wconf 50' lang='lat' dir='ltr'><strong>maj</strong></span> <span class='ocrx_word' id='word_1_148' title='bbox 224 1981 238 2036; x_wconf 80' lang='grc' dir='ltr'><strong>ι’</strong></span> <span class='ocrx_word' id='word_1_149' title='bbox 273 1982 331 2051; x_wconf 81' lang='lat' dir='ltr'><strong>ult,</strong></span> <span class='ocrx_word' id='word_1_150' title='bbox 352 1998 411 2037; x_wconf 83' lang='lat' dir='ltr'><strong>aaa</strong></span> <span class='ocrx_word' id='word_1_151' title='bbox 425 1982 537 2051; x_wconf 75' lang='lat' dir='ltr'><strong>miuus,</strong></span> <span class='ocrx_word' id='word_1_152' title='bbox 560 1998 647 2056; x_wconf 92' lang='lat' dir='ltr'><strong>quem</strong></span> <span class='ocrx_word' id='word_1_153' title='bbox 669 1988 788 2037; x_wconf 89' lang='lat' dir='ltr'><strong>secutus</strong></span> <span class='ocrx_word' id='word_1_154' title='bbox 804 1975 876 2036; x_wconf 83' lang='lat' dir='ltr'><strong>ttiu.</strong></span> <span class='ocrx_word' id='word_1_155' title='bbox 902 2001 948 2038; x_wconf 87' lang='lat' dir='ltr'><strong>mc</strong></span> <span class='ocrx_word' id='word_1_156' title='bbox 969 1991 1048 2041; x_wconf 88' lang='lat' dir='ltr'><strong>recte</strong></span> <span class='ocrx_word' id='word_1_157' title='bbox 1069 1970 1146 2039; x_wconf 75' lang='lat' dir='ltr'><strong>omi-</strong></span> 
     </span>
     <span class='ocr_line' id='line_1_20' title="bbox 61 2001 1147 2146; baseline 0.001 -26"><span class='ocrx_word' id='word_1_158' title='bbox 61 2057 129 2141; x_wconf 52' lang='lat' dir='ltr'><strong>sit..</strong></span> <span class='ocrx_word' id='word_1_159' title='bbox 145 2001 366 2139; x_wconf 56' lang='lat' dir='ltr'><strong>quumnliqueat</strong></span> <span class='ocrx_word' id='word_1_160' title='bbox 387 2058 452 2137; x_wconf 91' lang='lat' dir='ltr'><strong>quis</strong></span> <span class='ocrx_word' id='word_1_161' title='bbox 474 2059 634 2140; x_wconf 79' lang='lat' dir='ltr'><strong>paraverit3</strong></span> <span class='ocrx_word' id='word_1_162' title='bbox 660 2056 774 2117; x_wconf 89' lang='lat' dir='ltr'><strong>Walth.</strong></span> <span class='ocrx_word' id='word_1_163' title='bbox 785 2068 955 2140; x_wconf 80' lang='lat' dir='ltr'><strong>parantem,</strong></span> <span class='ocrx_word' id='word_1_164' title='bbox 976 2065 1077 2146; x_wconf 75' lang='lat' dir='ltr'><strong>lnquit,</strong></span> <span class='ocrx_word' id='word_1_165' title='bbox 1099 2081 1147 2121; x_wconf 82' lang='lat' dir='ltr'><strong>me</strong></span> 
     </span>
     <span class='ocr_line' id='line_1_21' title="bbox 59 2137 1146 2213; baseline 0.002 -13"><span class='ocrx_word' id='word_1_166' title='bbox 59 2160 129 2200; x_wconf 78' lang='lat' dir='ltr'><strong>aare</strong></span> <span class='ocrx_word' id='word_1_167' title='bbox 159 2137 262 2201; x_wconf 81' lang='lat' dir='ltr'><strong>Codd..</strong></span> <span class='ocrx_word' id='word_1_168' title='bbox 279 2142 343 2200; x_wconf 89' lang='lat' dir='ltr'><strong>Par.</strong></span> <span class='ocrx_word' id='word_1_169' title='bbox 364 2140 453 2199; x_wconf 87' lang='lat' dir='ltr'><strong>Viud.</strong></span> <span class='ocrx_word' id='word_1_170' title='bbox 482 2152 553 2201; x_wconf 81' lang='lat' dir='ltr'><strong>vett.</strong></span> <span class='ocrx_word' id='word_1_171' title='bbox 576 2140 649 2199; x_wconf 84' lang='lat' dir='ltr'><strong>Edd.</strong></span> <span class='ocrx_word' id='word_1_172' title='bbox 679 2139 801 2213; x_wconf 79' lang='lat' dir='ltr'><strong>laudat3</strong></span> <span class='ocrx_word' id='word_1_173' title='bbox 832 2160 867 2199; x_wconf 83' lang='lat' dir='ltr'><strong>ex</strong></span> <span class='ocrx_word' id='word_1_174' title='bbox 890 2142 1013 2202; x_wconf 88' lang='lat' dir='ltr'><strong>coniect.</strong></span> <span class='ocrx_word' id='word_1_175' title='bbox 1034 2141 1146 2203; x_wconf 81' lang='lat' dir='ltr'><strong>Acidel.</strong></span> 
     </span>
     <span class='ocr_line' id='line_1_22' title="bbox 61 2220 1145 2295; baseline 0.003 -15"><span class='ocrx_word' id='word_1_176' title='bbox 61 2220 200 2295; x_wconf 66' lang='lat' dir='ltr'><strong>laudauit</strong></span> <span class='ocrx_word' id='word_1_177' title='bbox 227 2222 332 2281; x_wconf 89' lang='lat' dir='ltr'><strong>Henm.</strong></span> <span class='ocrx_word' id='word_1_178' title='bbox 360 2220 476 2280; x_wconf 84' lang='lat' dir='ltr'><strong>Schulz.</strong></span> <span class='ocrx_word' id='word_1_179' title='bbox 505 2221 606 2281; x_wconf 87' lang='lat' dir='ltr'><strong>Oberl.</strong></span> <span class='ocrx_word' id='word_1_180' title='bbox 634 2220 669 2281; x_wconf 91' lang='lat' dir='ltr'><strong>al.</strong></span> <span class='ocrx_word' id='word_1_181' title='bbox 698 2221 911 2282; x_wconf 80' lang='lat' dir='ltr'><strong>laudaverate</strong></span> <span class='ocrx_word' id='word_1_182' title='bbox 936 2221 1029 2284; x_wconf 90' lang='lat' dir='ltr'><strong>Codd.</strong></span> <span class='ocrx_word' id='word_1_183' title='bbox 1060 2226 1145 2283; x_wconf 84' lang='lat' dir='ltr'><strong>Fara.</strong></span> 
     </span>
     <span class='ocr_line' id='line_1_23' title="bbox 60 2300 1148 2377; baseline 0.006 -14"><span class='ocrx_word' id='word_1_184' title='bbox 60 2301 175 2363; x_wconf 73' lang='lat' dir='ltr'><strong>Veliae.</strong></span> <span class='ocrx_word' id='word_1_185' title='bbox 200 2300 320 2362; x_wconf 84' lang='lat' dir='ltr'><strong>Walth.</strong></span> <span class='ocrx_word' id='word_1_186' title='bbox 346 2301 434 2361; x_wconf 83' lang='lat' dir='ltr'><strong>Bach.</strong></span> <span class='ocrx_word' id='word_1_187' title='bbox 458 2302 532 2362; x_wconf 84' lang='lat' dir='ltr'><strong>Ritt.</strong></span> <span class='ocrx_word' id='word_1_188' title='bbox 575 2301 704 2362; x_wconf 86' lang='lat' dir='ltr'><strong>Orellius</strong></span> <span class='ocrx_word' id='word_1_189' title='bbox 734 2302 859 2377; x_wconf 69' lang='lat' dir='ltr'><strong>dubius,</strong></span> <span class='ocrx_word' id='word_1_190' title='bbox 885 2310 987 2366; x_wconf 77' lang='lat' dir='ltr'><strong>utrum</strong></span> <span class='ocrx_word' id='word_1_191' title='bbox 1013 2306 1148 2369; x_wconf 73' lang='lat' dir='ltr'><strong>laudarit</strong></span> 
     </span>
     <span class='ocr_line' id='line_1_24' title="bbox 62 2381 1147 2522; baseline 0 -77"><span class='ocrx_word' id='word_1_192' title='bbox 62 2404 103 2445; x_wconf 75' lang='lat' dir='ltr'><strong>an</strong></span> <span class='ocrx_word' id='word_1_193' title='bbox 130 2383 308 2443; x_wconf 73' lang='lat' dir='ltr'><strong>laudaverat</strong></span> <span class='ocrx_word' id='word_1_194' title='bbox 334 2381 457 2462; x_wconf 82' lang='lat' dir='ltr'><strong>probet,</strong></span> <span class='ocrx_word' id='word_1_195' title='bbox 481 2382 803 2522; x_wconf 72' lang='lat' dir='ltr'><strong>&#39;pluspuamperlectum</strong></span> <span class='ocrx_word' id='word_1_196' title='bbox 832 2383 949 2444; x_wconf 86' lang='lat' dir='ltr'><strong>delendi</strong></span> <span class='ocrx_word' id='word_1_197' title='bbox 979 2406 1068 2469; x_wconf 68' lang='lat' dir='ltr'><strong>posse</strong></span> <span class='ocrx_word' id='word_1_198' title='bbox 1094 2386 1147 2463; x_wconf 75' lang='lat' dir='ltr'><strong>ait,</strong></span> 
     </span>
     <span class='ocr_line' id='line_1_25' title="bbox 60 2463 1147 2547; baseline 0.001 -22"><span class='ocrx_word' id='word_1_199' title='bbox 60 2464 133 2525; x_wconf 82' lang='lat' dir='ltr'><strong>ideo</strong></span> <span class='ocrx_word' id='word_1_200' title='bbox 156 2465 236 2545; x_wconf 90' lang='lat' dir='ltr'><strong>quod</strong></span> <span class='ocrx_word' id='word_1_201' title='bbox 255 2463 355 2524; x_wconf 78' lang='lat' dir='ltr'><strong>laudes</strong></span> <span class='ocrx_word' id='word_1_202' title='bbox 384 2474 529 2525; x_wconf 80' lang='lat' dir='ltr'><strong>oratoriae</strong></span> <span class='ocrx_word' id='word_1_203' title='bbox 568 2463 698 2523; x_wconf 81' lang='lat' dir='ltr'><strong>acuitatis</strong></span> <span class='ocrx_word' id='word_1_204' title='bbox 721 2464 871 2541; x_wconf 85' lang='lat' dir='ltr'><strong>usquead</strong></span> <span class='ocrx_word' id='word_1_205' title='bbox 893 2485 953 2545; x_wconf 86' lang='lat' dir='ltr'><strong>cap.</strong></span> <span class='ocrx_word' id='word_1_206' title='bbox 979 2473 1007 2524; x_wconf 87' lang='lat'><strong>9.</strong></span> <span class='ocrx_word' id='word_1_207' title='bbox 1034 2487 1088 2547; x_wconf 90' lang='lat' dir='ltr'><strong>pro</strong></span> <span class='ocrx_word' id='word_1_208' title='bbox 1111 2488 1147 2526; x_wconf 90' lang='lat' dir='ltr'><strong>o-</strong></span> 
     </span>
     <span class='ocr_line' id='line_1_26' title="bbox 64 2490 1184 2641; baseline 0 -34"><span class='ocrx_word' id='word_1_209' title='bbox 64 2546 140 2607; x_wconf 80' lang='lat' dir='ltr'><strong>eitae</strong></span> <span class='ocrx_word' id='word_1_210' title='bbox 160 2544 323 2607; x_wconf 65' lang='lat' dir='ltr'><strong>modestam</strong></span> <span class='ocrx_word' id='word_1_211' title='bbox 345 2544 423 2621; x_wconf 89' lang='lat' dir='ltr'><strong>illam</strong></span> <span class='ocrx_word' id='word_1_212' title='bbox 443 2557 596 2641; x_wconf 85' lang='lat' dir='ltr'><strong>poctarum</strong></span> <span class='ocrx_word' id='word_1_213' title='bbox 623 2543 836 2604; x_wconf 88' lang='lat' dir='ltr'><strong>accusationem</strong></span> <span class='ocrx_word' id='word_1_214' title='bbox 862 2547 1045 2624; x_wconf 83' lang='lat' dir='ltr'><strong>praecedant.</strong></span> <span class='ocrx_word' id='word_1_215' title='bbox 1085 2490 1148 2607; x_wconf 77' lang='lat' dir='ltr'><strong>llio</strong></span> <span class='ocrx_word' id='word_1_216' title='bbox 1179 2558 1184 2562; x_wconf 85' lang='lat'>&#39;</span> 
     </span>
     <span class='ocr_line' id='line_1_27' title="bbox 63 2624 1154 2705; baseline -0.005 -18"><span class='ocrx_word' id='word_1_217' title='bbox 63 2647 213 2688; x_wconf 80' lang='lat' dir='ltr'><strong>accusare</strong></span> <span class='ocrx_word' id='word_1_218' title='bbox 235 2627 271 2687; x_wconf 90' lang='lat' dir='ltr'><strong>de</strong></span> <span class='ocrx_word' id='word_1_219' title='bbox 291 2625 458 2689; x_wconf 86' lang='lat' dir='ltr'><strong>vehementr</strong></span> <span class='ocrx_word' id='word_1_220' title='bbox 478 2625 662 2685; x_wconf 85' lang='lat' dir='ltr'><strong>accusatione</strong></span> <span class='ocrx_word' id='word_1_221' title='bbox 681 2624 827 2705; x_wconf 85' lang='lat' dir='ltr'><strong>accipiunt</strong></span> <span class='ocrx_word' id='word_1_222' title='bbox 848 2625 994 2687; x_wconf 79' lang='lat' dir='ltr'><strong>Boettich.</strong></span> <span class='ocrx_word' id='word_1_223' title='bbox 1011 2638 1040 2687; x_wconf 89' lang='lat' dir='ltr'><strong>et</strong></span> <span class='ocrx_word' id='word_1_224' title='bbox 1058 2628 1154 2689; x_wconf 85' lang='lat' dir='ltr'><strong>Bach..</strong></span> 
     </span>
     <span class='ocr_line' id='line_1_28' title="bbox 64 2706 1148 2807; baseline 0.004 -40"><span class='ocrx_word' id='word_1_225' title='bbox 64 2714 160 2807; x_wconf 54' lang='lat' dir='ltr'><strong>unuln</strong></span> <span class='ocrx_word' id='word_1_226' title='bbox 178 2707 230 2771; x_wconf 92' lang='lat' dir='ltr'><strong>diu</strong></span> <span class='ocrx_word' id='word_1_227' title='bbox 249 2728 384 2769; x_wconf 87' lang='lat' dir='ltr'><strong>accusare</strong></span> <span class='ocrx_word' id='word_1_228' title='bbox 405 2706 516 2782; x_wconf 81' lang='lat' dir='ltr'><strong>soleat,</strong></span> <span class='ocrx_word' id='word_1_229' title='bbox 543 2706 594 2787; x_wconf 91' lang='lat' dir='ltr'><strong>qui</strong></span> <span class='ocrx_word' id='word_1_230' title='bbox 621 2706 811 2767; x_wconf 87' lang='lat' dir='ltr'><strong>vehementer</strong></span> <span class='ocrx_word' id='word_1_231' title='bbox 830 2717 955 2767; x_wconf 89' lang='lat' dir='ltr'><strong>accuset.</strong></span> <span class='ocrx_word' id='word_1_232' title='bbox 988 2708 1148 2787; x_wconf 70' lang='lat' dir='ltr'><strong>&#39;Equidem</strong></span> 
     </span>
     <span class='ocr_line' id='line_1_29' title="bbox 63 2782 1148 2871; baseline -0.001 -20"><span class='ocrx_word' id='word_1_233' title='bbox 63 2800 250 2871; x_wconf 85' lang='lat' dir='ltr'><strong>ruterpretor</strong></span> <span class='ocrx_word' id='word_1_234' title='bbox 268 2782 367 2848; x_wconf 86' lang='lat' dir='ltr'><strong>multis</strong></span> <span class='ocrx_word' id='word_1_235' title='bbox 388 2787 506 2863; x_wconf 83' lang='lat' dir='ltr'><strong>uerbis,</strong></span> <span class='ocrx_word' id='word_1_236' title='bbox 530 2787 617 2871; x_wconf 85' lang='lat' dir='ltr'><strong>longa</strong></span> <span class='ocrx_word' id='word_1_237' title='bbox 637 2786 771 2847; x_wconf 86' lang='lat' dir='ltr'><strong>oratioue</strong></span> <span class='ocrx_word' id='word_1_238' title='bbox 793 2793 946 2863; x_wconf 78' lang='lat' dir='ltr'><strong>accusare,</strong></span> <span class='ocrx_word' id='word_1_239' title='bbox 974 2800 1010 2849; x_wconf 87' lang='lat' dir='ltr'><strong>ut</strong></span> <span class='ocrx_word' id='word_1_240' title='bbox 1029 2789 1060 2848; x_wconf 91' lang='lat' dir='ltr'><strong>iu</strong></span> <span class='ocrx_word' id='word_1_241' title='bbox 1083 2789 1148 2851; x_wconf 85' lang='lat' dir='ltr'><strong>lor-</strong></span> 
     </span>
     <span class='ocr_line' id='line_1_30' title="bbox 63 2866 1147 2952; baseline 0.002 -21"><span class='ocrx_word' id='word_1_242' title='bbox 63 2870 155 2931; x_wconf 80' lang='lat' dir='ltr'><strong>mutis</strong></span> <span class='ocrx_word' id='word_1_243' title='bbox 184 2871 234 2929; x_wconf 82' lang='lat' dir='ltr'><strong>dtu</strong></span> <span class='ocrx_word' id='word_1_244' title='bbox 263 2870 362 2929; x_wconf 78' lang='lat' dir='ltr'><strong>dicere</strong></span> <span class='ocrx_word' id='word_1_245' title='bbox 382 2866 426 2915; x_wconf 74' lang='lat'><strong>-‘</strong></span> <span class='ocrx_word' id='word_1_246' title='bbox 444 2871 525 2952; x_wconf 82' lang='lat' dir='ltr'><strong>loqui</strong></span> <span class='ocrx_word' id='word_1_247' title='bbox 543 2904 583 2916; x_wconf 93' lang='lat'><em>-</em></span> <span class='ocrx_word' id='word_1_248' title='bbox 603 2889 747 2941; x_wconf 85' lang='lat' dir='ltr'><strong>narrare,</strong></span> <span class='ocrx_word' id='word_1_249' title='bbox 776 2867 812 2929; x_wconf 89' lang='lat' dir='ltr'><strong>de</strong></span> <span class='ocrx_word' id='word_1_250' title='bbox 838 2868 945 2948; x_wconf 86' lang='lat' dir='ltr'><strong>quibus</strong></span> <span class='ocrx_word' id='word_1_251' title='bbox 975 2871 1024 2933; x_wconf 78' lang='lat' dir='ltr'><strong>vd.</strong></span> <span class='ocrx_word' id='word_1_252' title='bbox 1052 2872 1147 2933; x_wconf 76' lang='lat' dir='ltr'><strong>Hand.</strong></span> 
     </span>
    </p>
   </div>
   <div class='ocr_carea' id='block_1_7' title="bbox 63 2950 440 3033">
    <p class='ocr_par' dir='ltr' id='par_1_7' title="bbox 63 2950 440 3033">
     <span class='ocr_line' id='line_1_31' title="bbox 63 2950 440 3033; baseline -0.013 -19"><span class='ocrx_word' id='word_1_253' title='bbox 63 2952 156 3013; x_wconf 81' lang='lat' dir='ltr'><strong>Ture.</strong></span> <span class='ocrx_word' id='word_1_254' title='bbox 175 2950 244 3012; x_wconf 81' lang='lat' dir='ltr'><strong>vot.</strong></span> <span class='ocrx_word' id='word_1_255' title='bbox 264 2953 348 3033; x_wconf 83' lang='lat' dir='ltr'><strong>tt:p.</strong></span> <span class='ocrx_word' id='word_1_256' title='bbox 370 2956 440 3011; x_wconf 88' lang='grc'><strong>286.</strong></span> 
     </span>
    </p>
   </div>
   <div class='ocr_carea' id='block_1_8' title="bbox 15 3045 1232 3616">
    <p class='ocr_par' dir='ltr' id='par_1_8' title="bbox 15 3045 1232 3616">
     <span class='ocr_line' id='line_1_32' title="bbox 26 3045 1215 3131; baseline 0.003 -22"><span class='ocrx_word' id='word_1_257' title='bbox 26 3104 29 3109; x_wconf 93' lang='grc'><strong>.</strong></span> <span class='ocrx_word' id='word_1_258' title='bbox 143 3045 352 3131; x_wconf 73' lang='lat' dir='ltr'><strong>detractaret]</strong></span> <span class='ocrx_word' id='word_1_259' title='bbox 375 3049 412 3107; x_wconf 89' lang='lat' dir='ltr'><strong>H.</strong></span> <span class='ocrx_word' id='word_1_260' title='bbox 427 3046 446 3105; x_wconf 94' lang='lat' dir='ltr'><strong>l.</strong></span> <span class='ocrx_word' id='word_1_261' title='bbox 466 3069 510 3128; x_wconf 90' lang='lat' dir='ltr'><strong>cp.</strong></span> <span class='ocrx_word' id='word_1_262' title='bbox 528 3052 575 3108; x_wconf 87' lang='lat'><strong>12.</strong></span> <span class='ocrx_word' id='word_1_263' title='bbox 596 3045 763 3107; x_wconf 83' lang='lat' dir='ltr'><strong>detractent</strong></span> <span class='ocrx_word' id='word_1_264' title='bbox 781 3058 811 3107; x_wconf 85' lang='lat' dir='ltr'><strong>et</strong></span> <span class='ocrx_word' id='word_1_265' title='bbox 831 3068 875 3128; x_wconf 92' lang='lat' dir='ltr'><strong>cp.</strong></span> <span class='ocrx_word' id='word_1_266' title='bbox 891 3053 941 3107; x_wconf 89' lang='grc'><strong>26.</strong></span> <span class='ocrx_word' id='word_1_267' title='bbox 962 3047 1147 3112; x_wconf 81' lang='lat' dir='ltr'><strong>detrectasse</strong></span> <span class='ocrx_word' id='word_1_268' title='bbox 1211 3117 1215 3120; x_wconf 63' lang='grc'>,</span> 
     </span>
     <span class='ocr_line' id='line_1_33' title="bbox 67 3126 1148 3207; baseline 0.003 -16"><span class='ocrx_word' id='word_1_269' title='bbox 67 3126 164 3191; x_wconf 88' lang='lat' dir='ltr'><strong>Codd.</strong></span> <span class='ocrx_word' id='word_1_270' title='bbox 184 3130 270 3191; x_wconf 83' lang='lat' dir='ltr'><strong>Fa&#39;ru.</strong></span> <span class='ocrx_word' id='word_1_271' title='bbox 289 3129 354 3189; x_wconf 86' lang='lat' dir='ltr'><strong>Par.</strong></span> <span class='ocrx_word' id='word_1_272' title='bbox 375 3139 447 3189; x_wconf 78' lang='lat' dir='ltr'><strong>vett.</strong></span> <span class='ocrx_word' id='word_1_273' title='bbox 466 3129 541 3189; x_wconf 86' lang='lat' dir='ltr'><strong>Edd.</strong></span> <span class='ocrx_word' id='word_1_274' title='bbox 569 3149 664 3207; x_wconf 90' lang='lat' dir='ltr'><strong>usque</strong></span> <span class='ocrx_word' id='word_1_275' title='bbox 684 3129 720 3187; x_wconf 86' lang='lat' dir='ltr'><strong>ad</strong></span> <span class='ocrx_word' id='word_1_276' title='bbox 738 3126 833 3202; x_wconf 73' lang='lat' dir='ltr'><strong>pitu,</strong></span> <span class='ocrx_word' id='word_1_277' title='bbox 861 3129 940 3188; x_wconf 91' lang='lat' dir='ltr'><strong>unde</strong></span> <span class='ocrx_word' id='word_1_278' title='bbox 956 3144 1148 3197; x_wconf 86' lang='lat' dir='ltr'><strong>¹revocarunt</strong></span> 
     </span>
     <span class='ocr_line' id='line_1_34' title="bbox 15 3208 1146 3307; baseline 0.004 -38"><span class='ocrx_word' id='word_1_279' title='bbox 15 3258 27 3269; x_wconf 92' lang='lat'><strong>.</strong></span> <span class='ocrx_word' id='word_1_280' title='bbox 64 3208 184 3273; x_wconf 83' lang='lat' dir='ltr'><strong>Dronlt.</strong></span> <span class='ocrx_word' id='word_1_281' title='bbox 204 3221 354 3307; x_wconf 74' lang='lat' dir='ltr'><strong>et.seqtp.‚</strong></span> <span class='ocrx_word' id='word_1_282' title='bbox 381 3210 562 3270; x_wconf 82' lang='lat' dir='ltr'><strong>detrectaret</strong></span> <span class='ocrx_word' id='word_1_283' title='bbox 579 3208 663 3304; x_wconf 77' lang='lat' dir='ltr'><strong>reliq.</strong></span> <span class='ocrx_word' id='word_1_284' title='bbox 680 3209 763 3275; x_wconf 84' lang='lat' dir='ltr'><strong>¹Edd.</strong></span> <span class='ocrx_word' id='word_1_285' title='bbox 799 3212 906 3269; x_wconf 85' lang='lat' dir='ltr'><strong>Forma</strong></span> <span class='ocrx_word' id='word_1_286' title='bbox 924 3209 1074 3293; x_wconf 88' lang='lat' dir='ltr'><strong>antiquior</strong></span> <span class='ocrx_word' id='word_1_287' title='bbox 1093 3214 1146 3273; x_wconf 85' lang='lat' dir='ltr'><strong>de-</strong></span> 
     </span>
     <span class='ocr_line' id='line_1_35' title="bbox 57 3289 1145 3373; baseline 0.003 -21"><span class='ocrx_word' id='word_1_288' title='bbox 57 3290 189 3365; x_wconf 75' lang='lat' dir='ltr'><strong>tracta,</strong></span> <span class='ocrx_word' id='word_1_289' title='bbox 217 3313 290 3373; x_wconf 87' lang='lat' dir='ltr'><strong>quae</strong></span> <span class='ocrx_word' id='word_1_290' title='bbox 317 3314 348 3351; x_wconf 89' lang='lat' dir='ltr'><strong>m</strong></span> <span class='ocrx_word' id='word_1_291' title='bbox 378 3303 451 3372; x_wconf 89' lang='lat' dir='ltr'><strong>optt.</strong></span> <span class='ocrx_word' id='word_1_292' title='bbox 474 3289 568 3351; x_wconf 91' lang='lat' dir='ltr'><strong>Codd.</strong></span> <span class='ocrx_word' id='word_1_293' title='bbox 597 3300 733 3370; x_wconf 77' lang='lat' dir='ltr'><strong>scriptor.</strong></span> <span class='ocrx_word' id='word_1_294' title='bbox 754 3290 848 3349; x_wconf 88' lang='lat' dir='ltr'><strong>Latin.</strong></span> <span class='ocrx_word' id='word_1_295' title='bbox 877 3289 936 3371; x_wconf 92' lang='lat' dir='ltr'><strong>(sic</strong></span> <span class='ocrx_word' id='word_1_296' title='bbox 952 3290 1029 3351; x_wconf 84' lang='lat' dir='ltr'><strong>Anu.</strong></span> <span class='ocrx_word' id='word_1_297' title='bbox 1052 3296 1072 3366; x_wconf 90' lang='lat' dir='ltr'><strong>l,</strong></span> <span class='ocrx_word' id='word_1_298' title='bbox 1095 3297 1145 3357; x_wconf 79' lang='lat'><strong>42.</strong></span> 
     </span>
     <span class='ocr_line' id='line_1_36' title="bbox 64 3369 1232 3453; baseline 0.002 -18"><span class='ocrx_word' id='word_1_299' title='bbox 64 3374 151 3448; x_wconf 68' lang='grc' dir='ltr'><strong>ΧΗ,</strong></span> <span class='ocrx_word' id='word_1_300' title='bbox 169 3376 219 3433; x_wconf 85' lang='grc'><strong>52.</strong></span> <span class='ocrx_word' id='word_1_301' title='bbox 238 3372 271 3431; x_wconf 92' lang='lat' dir='ltr'><strong>in</strong></span> <span class='ocrx_word' id='word_1_302' title='bbox 291 3370 384 3433; x_wconf 89' lang='lat' dir='ltr'><strong>Codd.</strong></span> <span class='ocrx_word' id='word_1_303' title='bbox 401 3369 494 3453; x_wconf 87' lang='lat' dir='ltr'><strong>Med.)</strong></span> <span class='ocrx_word' id='word_1_304' title='bbox 514 3372 679 3452; x_wconf 88' lang='lat' dir='ltr'><strong>reperitur,</strong></span> <span class='ocrx_word' id='word_1_305' title='bbox 698 3370 887 3451; x_wconf 81' lang='lat' dir='ltr'><strong>praeferenda</strong></span> <span class='ocrx_word' id='word_1_306' title='bbox 906 3381 961 3430; x_wconf 88' lang='lat' dir='ltr'><strong>est.</strong></span> <span class='ocrx_word' id='word_1_307' title='bbox 1003 3371 1049 3435; x_wconf 82' lang='lat' dir='ltr'><strong>Cf.</strong></span> <span class='ocrx_word' id='word_1_308' title='bbox 1068 3375 1146 3437; x_wconf 87' lang='lat' dir='ltr'><strong>Eck-</strong></span> <span class='ocrx_word' id='word_1_309' title='bbox 1227 3412 1232 3425; x_wconf 85' lang='lat'><strong>·</strong></span> 
     </span>
     <span class='ocr_line' id='line_1_37' title="bbox 65 3451 1147 3534; baseline 0.003 -20"><span class='ocrx_word' id='word_1_310' title='bbox 65 3451 154 3517; x_wconf 81' lang='lat' dir='ltr'><strong>stein.</strong></span> <span class='ocrx_word' id='word_1_311' title='bbox 178 3454 227 3513; x_wconf 83' lang='lat' dir='ltr'><strong>ad</strong></span> <span class='ocrx_word' id='word_1_312' title='bbox 253 3452 282 3512; x_wconf 82' lang='lat' dir='ltr'><strong>lr.</strong></span> <span class='ocrx_word' id='word_1_313' title='bbox 305 3453 324 3513; x_wconf 94' lang='lat' dir='ltr'><strong>l.</strong></span> <span class='ocrx_word' id='word_1_314' title='bbox 351 3453 442 3515; x_wconf 82' lang='lat' dir='ltr'><strong>Kritz.</strong></span> <span class='ocrx_word' id='word_1_315' title='bbox 471 3454 506 3513; x_wconf 90' lang='lat' dir='ltr'><strong>ad</strong></span> <span class='ocrx_word' id='word_1_316' title='bbox 527 3452 596 3515; x_wconf 83' lang='lat' dir='ltr'><strong>Sall.</strong></span> <span class='ocrx_word' id='word_1_317' title='bbox 609 3454 679 3534; x_wconf 81' lang='lat' dir='ltr'><strong>lug.</strong></span> <span class='ocrx_word' id='word_1_318' title='bbox 698 3457 747 3512; x_wconf 77' lang='lat'><strong>53.</strong></span> <span class='ocrx_word' id='word_1_319' title='bbox 772 3451 979 3517; x_wconf 84' lang='lat' dir='ltr'><strong>Schladebach.</strong></span> <span class='ocrx_word' id='word_1_320' title='bbox 1006 3455 1038 3523; x_wconf 86' lang='lat' dir='ltr'><strong>iu</strong></span> <span class='ocrx_word' id='word_1_321' title='bbox 1066 3457 1147 3521; x_wconf 83' lang='lat' dir='ltr'><strong>lalrn.</strong></span> 
     </span>
     <span class='ocr_line' id='line_1_38' title="bbox 63 3533 551 3616; baseline -0.01 -19"><span class='ocrx_word' id='word_1_322' title='bbox 63 3533 163 3597; x_wconf 72' lang='lat' dir='ltr'><strong>lauru</strong></span> <span class='ocrx_word' id='word_1_323' title='bbox 186 3539 273 3595; x_wconf 83' lang='lat'><strong>1833.</strong></span> <span class='ocrx_word' id='word_1_324' title='bbox 294 3536 359 3610; x_wconf 87' lang='lat' dir='ltr'><strong>vu,</strong></span> <span class='ocrx_word' id='word_1_325' title='bbox 378 3542 407 3596; x_wconf 85' lang='lat'><strong>2.</strong></span> <span class='ocrx_word' id='word_1_326' title='bbox 428 3556 456 3616; x_wconf 84' lang='lat' dir='ltr'><strong>p.</strong></span> <span class='ocrx_word' id='word_1_327' title='bbox 483 3540 551 3597; x_wconf 80' lang='lat'><strong>137.</strong></span> 
     </span>
    </p>
   </div>
   <div class='ocr_carea' id='block_1_9' title="bbox 65 3626 1254 4029">
    <p class='ocr_par' dir='ltr' id='par_1_9' title="bbox 65 3626 1254 4029">
     <span class='ocr_line' id='line_1_39' title="bbox 150 3626 1148 3713; baseline 0.001 -20"><span class='ocrx_word' id='word_1_328' title='bbox 150 3636 182 3693; x_wconf 75' lang='lat' dir='ltr'><strong>tu</strong></span> <span class='ocrx_word' id='word_1_329' title='bbox 210 3636 309 3693; x_wconf 80' lang='lat' dir='ltr'><strong>causis</strong></span> <span class='ocrx_word' id='word_1_330' title='bbox 335 3631 458 3706; x_wconf 69' lang='lat' dir='ltr'><strong>agendis</strong></span> <span class='ocrx_word' id='word_1_331' title='bbox 484 3629 601 3712; x_wconf 79' lang='lat' dir='ltr'><strong>efficere</strong></span> <span class='ocrx_word' id='word_1_332' title='bbox 629 3629 743 3713; x_wconf 72' lang='lat' dir='ltr'><strong>aliquid</strong></span> <span class='ocrx_word' id='word_1_333' title='bbox 764 3640 793 3690; x_wconf 84' lang='lat' dir='ltr'><strong>et</strong></span> <span class='ocrx_word' id='word_1_334' title='bbox 820 3626 908 3709; x_wconf 85' lang='lat' dir='ltr'><strong>entti]</strong></span> <span class='ocrx_word' id='word_1_335' title='bbox 944 3630 1018 3690; x_wconf 87' lang='lat' dir='ltr'><strong>Dial.</strong></span> <span class='ocrx_word' id='word_1_336' title='bbox 1039 3635 1088 3691; x_wconf 92' lang='grc'><strong>21.</strong></span> <span class='ocrx_word' id='word_1_337' title='bbox 1113 3636 1148 3694; x_wconf 81' lang='lat' dir='ltr'><strong>iu</strong></span> 
     </span>
     <span class='ocr_line' id='line_1_40' title="bbox 65 3711 1146 3810; baseline -0.008 -36"><span class='ocrx_word' id='word_1_338' title='bbox 65 3715 237 3796; x_wconf 75' lang='lat' dir='ltr'><strong>eloquentia</strong></span> <span class='ocrx_word' id='word_1_339' title='bbox 257 3735 314 3773; x_wconf 84' lang='lat' dir='ltr'><strong>noa</strong></span> <span class='ocrx_word' id='word_1_340' title='bbox 333 3711 464 3791; x_wconf 78' lang='lat' dir='ltr'><strong>effecerit</strong></span> <span class='ocrx_word' id='word_1_341' title='bbox 483 3732 566 3796; x_wconf 85' lang='lat' dir='ltr'><strong>quae.</strong></span> <span class='ocrx_word' id='word_1_342' title='bbox 586 3717 634 3771; x_wconf 82' lang='grc'><strong>32.</strong></span> <span class='ocrx_word' id='word_1_343' title='bbox 652 3711 786 3810; x_wconf 69' lang='lat' dir='ltr'><strong>quicquid</strong></span> <span class='ocrx_word' id='word_1_344' title='bbox 804 3713 835 3768; x_wconf 83' lang='lat' dir='ltr'><strong>iu</strong></span> <span class='ocrx_word' id='word_1_345' title='bbox 854 3711 1018 3797; x_wconf 83' lang='lat' dir='ltr'><strong>eloquentia</strong></span> <span class='ocrx_word' id='word_1_346' title='bbox 1038 3711 1146 3790; x_wconf 78' lang='lat' dir='ltr'><strong>esfhae.</strong></span> 
     </span>
     <span class='ocr_line' id='line_1_41' title="bbox 65 3788 1145 3879; baseline -0.004 -24"><span class='ocrx_word' id='word_1_347' title='bbox 65 3799 117 3859; x_wconf 83' lang='lat' dir='ltr'><strong>rr&#39;t.</strong></span> <span class='ocrx_word' id='word_1_348' title='bbox 145 3794 252 3870; x_wconf 84' lang='lat' dir='ltr'><strong>Quint.</strong></span> <span class='ocrx_word' id='word_1_349' title='bbox 265 3796 303 3868; x_wconf 83' lang='lat' dir='ltr'><strong>ll,</strong></span> <span class='ocrx_word' id='word_1_350' title='bbox 324 3799 354 3869; x_wconf 85' lang='lat'><strong>1,</strong></span> <span class='ocrx_word' id='word_1_351' title='bbox 375 3799 403 3856; x_wconf 86' lang='lat'><strong>7.</strong></span> <span class='ocrx_word' id='word_1_352' title='bbox 423 3804 562 3879; x_wconf 80' lang='lat' dir='ltr'><strong>quantum</strong></span> <span class='ocrx_word' id='word_1_353' title='bbox 583 3796 613 3853; x_wconf 80' lang='lat' dir='ltr'><strong>in</strong></span> <span class='ocrx_word' id='word_1_354' title='bbox 632 3792 737 3852; x_wconf 77' lang='lat' dir='ltr'><strong>studies</strong></span> <span class='ocrx_word' id='word_1_355' title='bbox 755 3795 819 3850; x_wconf 82' lang='lat' dir='ltr'><strong>e&#39;am</strong></span> <span class='ocrx_word' id='word_1_356' title='bbox 842 3788 972 3866; x_wconf 80' lang='lat' dir='ltr'><strong>effecerit</strong></span> <span class='ocrx_word' id='word_1_357' title='bbox 992 3792 1039 3851; x_wconf 87' lang='lat' dir='ltr'><strong>vd.</strong></span> <span class='ocrx_word' id='word_1_358' title='bbox 1060 3794 1145 3857; x_wconf 85' lang='lat' dir='ltr'><strong>Bon.</strong></span> 
     </span>
     <span class='ocr_line' id='line_1_42' title="bbox 65 3870 1254 4013; baseline 0.002 -78"><span class='ocrx_word' id='word_1_359' title='bbox 65 3874 137 3937; x_wconf 86' lang='lat' dir='ltr'><strong>nell.</strong></span> <span class='ocrx_word' id='word_1_360' title='bbox 159 3877 230 3935; x_wconf 86' lang='lat' dir='ltr'><strong>Lex.</strong></span> <span class='ocrx_word' id='word_1_361' title='bbox 250 3874 355 3950; x_wconf 80' lang='lat' dir='ltr'><strong>Quint.</strong></span> <span class='ocrx_word' id='word_1_362' title='bbox 374 3897 397 3937; x_wconf 89' lang='lat' dir='ltr'><strong>s.</strong></span> <span class='ocrx_word' id='word_1_363' title='bbox 418 3897 446 3936; x_wconf 83' lang='lat' dir='ltr'><strong>v.</strong></span> <span class='ocrx_word' id='word_1_364' title='bbox 489 3873 617 4013; x_wconf 68' lang='lat' dir='ltr'><strong>Epicure</strong></span> <span class='ocrx_word' id='word_1_365' title='bbox 644 3885 673 3933; x_wconf 87' lang='lat' dir='ltr'><strong>et</strong></span> <span class='ocrx_word' id='word_1_366' title='bbox 699 3875 772 3932; x_wconf 80' lang='lat' dir='ltr'><strong>eniti</strong></span> <span class='ocrx_word' id='word_1_367' title='bbox 790 3870 943 3932; x_wconf 81' lang='lat' dir='ltr'><strong>coniunxit</strong></span> <span class='ocrx_word' id='word_1_368' title='bbox 961 3870 1023 3935; x_wconf 86' lang='lat' dir='ltr'><strong>Cic.</strong></span> <span class='ocrx_word' id='word_1_369' title='bbox 1042 3875 1144 3940; x_wconf 86' lang='lat' dir='ltr'><strong>Divin.</strong></span> <span class='ocrx_word' id='word_1_370' title='bbox 1249 3944 1254 3950; x_wconf 54' lang='grc'><strong>,</strong></span> 
     </span>
     <span class='ocr_line' id='line_1_43' title="bbox 65 3953 716 4029; baseline -0.011 -10"><span class='ocrx_word' id='word_1_371' title='bbox 65 3955 101 4019; x_wconf 84' lang='lat' dir='ltr'><strong>ia</strong></span> <span class='ocrx_word' id='word_1_372' title='bbox 122 3954 229 4019; x_wconf 81' lang='lat' dir='ltr'><strong>Caecil.</strong></span> <span class='ocrx_word' id='word_1_373' title='bbox 248 3963 276 4017; x_wconf 85' lang='grc'><strong>6.</strong></span> <span class='ocrx_word' id='word_1_374' title='bbox 297 3954 375 4016; x_wconf 81' lang='lat' dir='ltr'><strong>lael.</strong></span> <span class='ocrx_word' id='word_1_375' title='bbox 398 3960 444 4015; x_wconf 90' lang='grc'><strong>16.</strong></span> <span class='ocrx_word' id='word_1_376' title='bbox 463 3956 538 4015; x_wconf 77' lang='lat' dir='ltr'><strong>Plti.</strong></span> <span class='ocrx_word' id='word_1_377' title='bbox 560 3957 612 4029; x_wconf 77' lang='lat' dir='ltr'><strong>lt,</strong></span> <span class='ocrx_word' id='word_1_378' title='bbox 634 3960 661 4018; x_wconf 80' lang='lat'><strong>6.</strong></span> <span class='ocrx_word' id='word_1_379' title='bbox 681 3953 716 4015; x_wconf 89' lang='lat' dir='ltr'><strong>al.</strong></span> 
     </span>
    </p>
   </div>
   <div class='ocr_carea' id='block_1_10' title="bbox 68 4049 1144 4220">
    <p class='ocr_par' dir='ltr' id='par_1_10' title="bbox 68 4049 1144 4220">
     <span class='ocr_line' id='line_1_44' title="bbox 150 4049 1143 4148; baseline 0.002 -35"><span class='ocrx_word' id='word_1_380' title='bbox 150 4053 267 4129; x_wconf 68' lang='lat' dir='ltr'><strong>ingredi</strong></span> <span class='ocrx_word' id='word_1_381' title='bbox 280 4051 401 4133; x_wconf 81' lang='lat' dir='ltr'><strong>samam</strong></span> <span class='ocrx_word' id='word_1_382' title='bbox 424 4056 594 4148; x_wconf 58' lang='lat' dir='ltr'><strong>aupieotus</strong></span> <span class='ocrx_word' id='word_1_383' title='bbox 614 4049 696 4133; x_wconf 72' lang='lat' dir='ltr'><strong>suut]</strong></span> <span class='ocrx_word' id='word_1_384' title='bbox 733 4050 918 4127; x_wconf 53' lang='lat' dir='ltr'><strong>Pleonasmip</strong></span> <span class='ocrx_word' id='word_1_385' title='bbox 945 4051 996 4133; x_wconf 90' lang='lat' dir='ltr'><strong>qui</strong></span> <span class='ocrx_word' id='word_1_386' title='bbox 1016 4053 1094 4114; x_wconf 88' lang='lat' dir='ltr'><strong>inest</strong></span> <span class='ocrx_word' id='word_1_387' title='bbox 1113 4056 1143 4114; x_wconf 86' lang='lat' dir='ltr'><strong>iu</strong></span> 
     </span>
     <span class='ocr_line' id='line_1_45' title="bbox 68 4131 1144 4220; baseline -0.003 -23"><span class='ocrx_word' id='word_1_388' title='bbox 68 4133 118 4198; x_wconf 75' lang='lat' dir='ltr'><strong>luit</strong></span> <span class='ocrx_word' id='word_1_389' title='bbox 139 4156 207 4216; x_wconf 62' lang='lat' dir='ltr'><strong>rr„</strong></span> <span class='ocrx_word' id='word_1_390' title='bbox 233 4135 366 4220; x_wconf 75' lang='lat' dir='ltr'><strong>exempla</strong></span> <span class='ocrx_word' id='word_1_391' title='bbox 393 4133 498 4196; x_wconf 82' lang='lat' dir='ltr'><strong>simiha</strong></span> <span class='ocrx_word' id='word_1_392' title='bbox 528 4142 613 4195; x_wconf 89' lang='lat' dir='ltr'><strong>suut:</strong></span> <span class='ocrx_word' id='word_1_393' title='bbox 642 4131 720 4194; x_wconf 81' lang='lat' dir='ltr'><strong>Anu.</strong></span> <span class='ocrx_word' id='word_1_394' title='bbox 742 4134 889 4210; x_wconf 80' lang='lat' dir='ltr'><strong>xttt,1o.</strong></span> <span class='ocrx_word' id='word_1_395' title='bbox 916 4144 948 4198; x_wconf 90' lang='lat' dir='ltr'><strong>ut</strong></span> <span class='ocrx_word' id='word_1_396' title='bbox 968 4138 1144 4218; x_wconf 79' lang='lat' dir='ltr'><strong>principium</strong></span> 
     </span>
    </p>
   </div>
   <div class='ocr_carea' id='block_1_11' title="bbox 0 0 1330 4656">
    <p class='ocr_par' dir='ltr' id='par_1_11' title="bbox 0 0 1330 4656">
     <span class='ocr_line' id='line_1_46' title="bbox 0 0 1330 4656; baseline 0 0"><span class='ocrx_word' id='word_1_397' title='bbox 0 0 1330 4656; x_wconf 95' lang='lat' dir='ltr'><strong> </strong></span> 
     </span>
    </p>
   </div>
  </div>
 </body>
</html>
