2634 4656
18 204 21 212 '
109 228 178 295 ata
432 228 589 314 oram
611 229 650 293 n
666 186 855 292 ‘nannoni
964 277 966 282 .
1033 268 1036 273 .

111 382 179 457 iam
202 379 375 473 undecim,
405 399 443 458 ut
465 384 605 486 opinor,
628 382 790 457 Actorum
810 374 907 455 libris
921 394 954 454 et
967 377 1082 455 tribus
1096 380 1176 484 lipi-

47 534 59 567 „1
112 480 271 561 stolorum
287 483 469 586 composita
489 500 523 559 et
546 481 635 557 celita
659 497 751 556 sunt·
796 481 847 555 Ex
870 480 913 554 iis
936 479 1081 580 intelligi
1093 499 1176 585 pot·
1221 568 1224 575 ¹

113 652 230 715 Ilomm.
253 650 355 735 l'rsgm.
402 653 506 713 .Vlll.
555 650 669 732 slepe
695 649 776 732 adeo
794 659 889 712 aetate
913 649 1008 712 Taciti
1035 651 1087 730 [eo
1112 650 1179 733 ipso

68 788 71 795 .
113 744 265 815 tempore,
294 749 354 815 quo
380 673 430 795 bic
456 733 598 817 Dialogus
625 731 752 815 scriptus
780 742 827 794 est
855 754 885 815 p.
906 733 986 811 1911]
1011 730 1044 792 iel
1073 750 1177 795 munus

112 826 335 898 aggressusest
355 816 395 876 Μ.
415 815 543 877 Licinius
568 813 692 876 Crassus
711 813 879 889 Mucianus,
901 825 936 875 ut
953 812 1176 897 praecipuum

112 909 301 959 monomenta
320 907 469 958 oratorum
489 897 676 958 contraheret
694 907 724 958 et
743 896 861 972 ederet,
889 915 927 956 ne
948 894 1105 958 oblivione
1123 895 1176 958 ob-

112 992 287 1053 ruerentur,
313 990 349 1039 ut
373 979 403 1039 io
429 979 503 1041 Disl.
528 979 565 1040 dc
587 979 639 1040 0r.
661 984 710 1039 37.
737 977 878 1060 scriptum
904 976 1037 1060 legimus.
1076 979 1123 1040 Ac
1148 978 1177 1039 ni

98 1056 265 1122 'Mucianus
292 1060 372 1120 bunc
390 1061 565 1143 suscepisset
583 1060 730 1136 laborem,
757 1059 850 1120 multo
871 1058 966 1121 minus
985 1060 1073 1120 etism
1093 1081 1177 1142 quam

113 1163 205 1223 nunc·
230 1142 385 1223 hebemus,
415 1143 538 1224 opinor,
580 1141 685 1223 reliqui
712 1140 891 1202 haberemus.
940 1142 981 1201 Ea
1002 1141 1088 1202 enim
1119 1141 1177 1202 lra-

36 1226 42 1235 '
136 1236 243 1301 mento,
262 1245 335 1306 quae
350 1225 424 1306 apud
444 1225 583 1299 Gellium,
603 1226 794 1298 Frontonem,
815 1222 995 1300 Macrobiom
1013 1223 1180 1285 etiamnunc

43 1358 47 1363 .
113 1246 256 1389 iegimus,
280 1327 314 1367 ex
331 1307 382 1367 illo
399 1328 488 1389 opere
507 1318 641 1387 excerpta
660 1317 758 1388 puto«
799 1305 1019 1365 Contratrnntur
1035 1304 1058 1364 i.
1071 1327 1101 1386 q.
1117 1305 1179 1367 col-

113 1386 264 1470 liguntur,
285 1400 440 1471 coguntur.
458 1388 505 1449 vd.
522 1389 603 1459 Suet.
625 1387 701 1470 Aug.
722 1392 771 1446 31.
791 1389 879 1448 lilir'os
900 1397 990 1447 contr.
1010 1387 1113 1448 Gram.
1132 1390 1180 1451 24.

115 1470 306 1550 eccloploria.
349 1470 441 1532 Orell.
461 1469 603 1531 intellexit
622 1470 658 1530 cle
679 1468 805 1549 epitome
829 1468 890 1530 sive
910 1468 1083 1552 eclogariis,
1109 1488 1180 1551 que·-

113 1550 157 1613 les
178 1558 249 1613 tnnc
275 1552 409 1614 amultis
429 1552 565 1634 componi
593 1551 731 1612 soleient.
779 1549 825 1611 Cf.
846 1553 948 1611 Frout.
968 1551 1022 1610 Ed.
1044 1553 1133 1629 lium.
1150 1573 1178 1632 p.

26 1688 28 1693 .
117 1638 201 1694 160.“
224 1636 348 1695 Memini
369 1655 414 1695 me
442 1637 621 1715 excerpsisse
641 1638 679 1693 ec
704 1632 852 1694 Ciceronis
878 1635 1007 1713 epistulis
1034 1653 1075 1692 ea
1096 1632 1180 1693 don-

115 1725 221 1790 tacot,
250 1718 351 1799 quibus
376 1721 481 1777 inesset
501 1719 600 1799 aliqua
628 1715 664 1775 ele
684 1716 849 1796 eloquentia
869 1716 913 1774 oei
930 1715 1119 1798 philosophia
1138 1716 1182 1774 oei

40 1802 42 1809 '
116 1797 153 1858 dc
173 1800 337 1881 republica
355 1798 521 1883 disputatio.
562 1798 612 1858 Sic
630 1799 657 1856 T
659 1796 704 1856 iro
723 1792 845 1857 libertus
860 1794 1011 1878 Ciceronis
1031 1817 1181 1857 commen-

36 1908 40 1914 ·
115 1879 206 1939 tarius
234 1880 398 1941 orationum
428 1879 572 1942 contraxit
598 1880 645 1939 vel.
666 1878 835 1955 Quinti,
860 1884 891 1953 7,
913 1883 979 1954 31,
1008 1889 1039 1938 et
1068 1878 1181 1939 Plinius

115 1960 211 2021 Maior
231 1962 396 2023 Electorom
417 1984 433 2022 e
453 1960 539 2023 uariis
559 1960 751 2042 scriptoribus
778 1971 981 2041 excerptorum
1002 1971 1181 2031 commenta·

110 2040 177 2128 'rios
198 2055 314 2103 centum
341 2043 488 2126 sexaginta
513 2042 632 2139 reliquit
657 2041 962 2104 Plin'Sccuudo-vd.
982 2043 1058 2124 Epp.
1081 2043 1131 2117 111,
1144 2040 1182 2121 b,

118 2127 182 2185 17.:
202 2123 264 2204 ipsa
283 2125 348 2185 Nat.
368 2124 445 2184 Hist.
466 2120 537 2183 nibil
557 2125 613 2184 ursi
631 2136 765 2205 encerpta
785 2123 910 2185 exhibet.

25 2203 29 2210 ¹
197 2207 336 2266 Actorum
357 2204 455 2288 libris]
476 2205 557 2280 Quid
577 2206 637 2265 siut
655 2205 750 2279 Aeta,
769 2205 915 2267 difficilius
935 2204 1054 2267 videtur
1074 2206 1109 2267 ael
1130 2227 1181 2268 ex-

44 2336 46 2341 .
136 2284 288 2347 licendum.
328 2290 440 2374 Meyer.
468 2298 553 2348 oratt.
581 2289 696 2348 Romm.
720 2287 821 2371 fragm.
849 2309 877 2369 p.
908 2293 973 2348 190.
1024 2289 1181 2349 Actionem

115 2307 271 2452 legendum
286 2371 459 2452 suspicatus,
479 2370 514 2430 de
531 2369 636 2450 quibus
652 2369 699 2430 vd.
716 2381 815 2431 annot.
830 2370 866 2430 ad
874 2368 947 2430 Dial.
959 2374 1016 2444 17,
1039 2369 1184 2431 intellexit

115 2448 1188 2608 tt‘l'tt't&iiiiiitrttttfflttellt‘t‘tniul·

116 2600 324 2678 lacurn‘dicit.
359 2616 430 2678 Zell.
452 2616 501 2677 iit.
521 2616 567 2676 die
588 2615 749 2696 Zeitongen
777 2616 830 2677 der
851 2615 928 2676 alten
947 2617 1061 2676 Riimer
1087 2620 1182 2696 pili.

117 2696 256 2780 ambigit,
285 2694 385 2759 utrum
409 2698 437 2758 h.
459 2697 491 2775 l.,
518 2698 594 2759 sicut
614 2697 730 2758 Acbolii
753 2699 824 2759 Acta
843 2698 874 2758 iu
895 2701 941 2757 Vo
963 2696 1014 2757 isc.
1033 2696 1182 2758 Aurelian.

62 2780 66 2791 ⁸
120 2784 180 2853 12,
201 2779 386 2864 intelligenda
407 2781 466 2841 sint
478 2780 551 2841 Aeta
566 2780 669 2840 diurna
683 2720 962 2863 (Staatseeituugen5
977 2799 1185 2841 ancum-en·
1205 2782 1207 2787 ’

118 2861 185 2922 tarii
215 2862 356 2923 historici.
384 2861 525 2923 Witticb.
553 2861 620 2922 loco
647 2884 729 2943 supr.
754 2885 783 2944 p.
806 2867 873 2923 199.
899 2860 985 2921 allato
1012 2862 1125 2942 accepit
1148 2860 1185 2921 de

118 2942 202 3004 Actis
228 2944 360 3020 diurnis,
389 2964 461 3025 quse
489 2944 603 3005 diversa
631 2942 667 3003 ab
687 2944 772 3004 Actis
789 2955 908 3004 senatus
927 2941 1047 3025 (Senats
1061 2976 1101 2990 -
1117 2963 1185 3006 ver-

118 3025 304 3110 handlungen
320 3060 357 3085 .-
371 3025 552 3108 protokolle)
570 3024 748 3087 vocabantur
769 3026 851 3087 Ana
870 3045 987 3106 quoque
1000 3027 1118 3107 populi,
1147 3024 1186 3086 A.

120 3110 216 3183 orbis,
244 3108 282 3169 A.
309 3104 416 3173 diurna
444 3110 541 3185 urbis,
568 3107 609 3168 A.
627 3106 751 3182 diarria,
776 3108 815 3169 A.
835 3109 966 3182 orbona,
994 3107 1033 3168 A.
1057 3108 1187 3188 publico,

119 3190 217 3264 Aeta,
244 3192 363 3252 lliurna
383 3190 484 3274 (Rom.
503 3190 658 3274 Stsdt-'u.
679 3188 907 3286 Stsatsaeitung)
929 3188 1120 3250 continebant
1138 3208 1188 3251 ree

119 3272 306 3353 rationesque
326 3271 446 3354 populi,
472 3272 578 3333 iudicia
598 3271 730 3353 publica,
758 3271 914 3353 supplicia,
943 3269 1081 3346 comitia,
1108 3268 1189 3332 aedi·

120 3354 197 3427 ficia,
215 3355 391 3432 nativitates,
409 3354 538 3416 illustres
554 3364 676 3429 mortes,
696 3353 889 3426 matrimonia,
909 3351 1047 3427 di'vortia,
1068 3351 1105 3414 de
1121 3352 1189 3434 qul-

119 3435 176 3498 bus
197 3438 243 3497 vd.
264 3449 379 3519 praeter
410 3436 480 3497 Zell.
500 3437 579 3518 Lips.
603 3436 673 3496 Erc.
693 3436 729 3497 ad
752 3438 820 3498 Tac.
840 3436 918 3495 Anu.
932 3437 976 3499 Υ.
1004 3433 1128 3497 Walch.
1148 3432 1189 3495 ad

120 3518 219 3601 Agric.
240 3542 267 3600 p.
292 3525 356 3585 114.
376 3521 453 3601 Rup.
473 3519 508 3579 ad
529 3520 606 3579 Anu.
628 3519 678 3593 lll,
692 3524 744 3592 ,34
775 3517 867 3579 Orell.
895 3516 964 3577 satis
985 3514 1075 3577 dubie
1094 3516 1191 3578 inter·

120 3613 254 3684 pretatur
273 3602 308 3661 de
328 3600 455 3683 epitome
474 3601 537 3660 sive
557 3600 725 3683 eclogariis:
753 3612 783 3661 at
802 3621 838 3660 cx
858 3619 984 3680 quorum
1011 3597 1191 3680 scriptorum

88 3680 96 3696 '
120 3681 207 3764 (num
227 3695 395 3758 oratorum,
413 3705 451 3743 an
470 3681 717 3764 historicorumi)
737 3680 819 3743 libris
839 3679 944 3743 sactis?
967 3678 1078 3740 Osann.
1099 3679 1192 3741 relert

120 3766 157 3824 ad
178 3766 269 3826 libros
291 3765 321 3825 in
341 3765 463 3827 sormam
483 3764 721 3850 encyclopaedioe
740 3764 788 3825 vel
808 3761 1050 3825 chrestomatbiae
1072 3781 1090 3823 e
1109 3773 1192 3824 vete·

120 3845 202 3908 ribus
224 3848 295 3907 varii
317 3848 431 3930 generis
453 3847 569 3928 scriptis
584 3859 750 3908 contractos
769 3845 816 3907 vel
831 3855 996 3925 excerptos,
1009 3841 1099 3924 Quod
1117 3864 1192 3904 cou-

120 3929 254 3990 firmctur
274 3931 445 3992 auctoritate
466 3929 572 4004 Plinii,
595 3929 645 4010 qui
667 3929 696 3988 iu
717 3929 754 3989 N.
776 3929 813 3987 H.
833 3927 1003 4008 frequenter
1022 3925 1086 3988 eius
1107 3924 1193 3987 testi·

121 4012 221 4071 monio
241 4013 283 4071 itn'
308 4024 424 4085 ututur,
454 4023 489 4072 ut
508 4024 642 4092 appareat
661 4033 708 4071 rcs
737 4010 829 4072 varias
852 4029 958 4089 casque
978 4007 1064 4089 plane
1085 4004 1195 4069 diversi

120 4093 282 4175 argumenti
299 4093 334 4153 ab
356 4115 391 4154 eo
411 4105 546 4155 tractatas
567 4116 639 4155 csse.
682 4093 731 4154 Sic
747 4093 852 4155 Electa
871 4090 959 4151 Plinii
978 4090 1100 4151 Maioris
1121 4111 1194 4152 con·

119 4175 251 4239 tinebant
277 4187 411 4258 excerpta
441 4198 457 4237 c
483 4175 569 4237 uariis
600 4175 803 4259 scriptoribus.
854 4171 1030 4235 Examinatis
1061 4173 1107 4236 bis
1131 4174 1195 4232 VV.
