2634 4656
565 125 644 210 cap.
665 126 782 195 XVII..
1151 135 1215 196 10³

128 276 239 376 ptimo
256 276 337 361 ldus,
351 278 549 360 Decembris
563 281 695 359 occisus
712 294 772 369 est,
791 307 860 380 quo
873 306 962 353 anno
979 280 1213 382 IlirosAngu.

128 391 205 449 stus
236 376 273 448 in
298 375 408 449 locum
434 378 564 451 Pansae
590 396 621 452 et
642 379 741 452 Hirtii
765 406 801 452 se
824 396 856 452 et
880 378 1046 473 Quintum
1069 381 1212 461 Pedium

73 538 77 545 .
128 473 287 547 consules
322 476 465 555 suffecit.
523 477 639 551 Statue
663 504 722 555 sex
756 494 788 550 et
841 478 1059 576 uinquaginta
1092 507 1211 570 annos,

128 570 259 668 quibus
277 601 354 645 mox
369 574 475 665 Divus
493 575 667 672 Augustus
692 575 763 651 re‘m
786 604 832 676 pu
860 575 955 654 licam
977 577 1087 664 rexit;'
1103 579 1211 663 adiice

127 668 260 742 Tiberii
285 687 352 744 tres
383 688 414 745 et
439 673 556 770 viginti
589 691 621 748 et
651 703 758 776 prope
785 674 1043 774 quadriennium
1074 676 1139 749 Gai
1170 704 1210 752 ac
1254 696 1279 716 ²

127 837 292 901 Caecilium
321 851 489 912 ‚raetorum
527 839 575 904 Cl.
602 843 740 940 disputat.
767 841 890 905 historia
913 844 949 904 de
972 845 1012 903 Μ.
1033 843 1133 905 Tullio
1153 843 1209 905 Ti-

125 939 224 994 rone‚
248 922 289 980 Μ.
310 863 345 983 ll'.
367 921 429 984 Cic.
448 923 574 998 liberto,
599 937 698 1011 script.
715 925 750 986 ab
772 927 793 987 Ι.
814 922 849 986 C.
870 923 1105 1008 Engelbronner.
1133 925 1209 991 Am·

125 998 234 1066 stelod.
258 1006 345 1065 1804.
375 1010 403 1063 8.
445 1005 472 1065 T
474 1004 605 1073 ironiam
632 1005 751 1089 collegit
772 1005 809 1067 Α.
830 1006 908 1069 tion
933 1006 966 1067 in
995 1007 1120 1073 Seebud.
1146 1005 1209 1070 Ar.

124 1080 206 1143 cliv.
225 1080 247 1144 Ι.
269 1084 375 1144 Philol.
398 1089 486 1154 1824.
506 1108 535 1166 p.
558 1089 617 1149 246
639 1110 683 1167 sq·
1052 1101 1060 1111 ‘

209 1184 333 1263 septimo
351 1181 423 1242 idus
440 1183 667 1243 Decembris-
688 1184 792 1262 Diuus]
814 1183 893 1265 Lips.
913 1183 1087 1245 Decembris
1106 1183 1208 1246 omlis.

123 1258 158 1320 in
188 1259 281 1322 Codd.
308 1274 339 1323 ct
364 1275 436 1324 vett·
463 1265 538 1324 Edd.
567 1264 672 1325 adiecit
697 1267 745 1324 vd.
766 1265 863 1347 Pighii
883 1265 995 1325 Annali
1015 1262 1050 1325 ad
1077 1287 1102 1326 a.
1125 1272 1208 1343 710„

125 1363 186 1437 quo
209 1343 256 1403 die
277 1342 382 1405 Cicero
403 1365 496 1425 prope
516 1344 612 1406 villam
633 1344 797 1406 Caietanam
819 1346 933 1407 occisus
960 1357 1007 1406 est
1034 1347 1081 1405 'vd
1103 1346 1206 1406 Schir·

123 1421 185 1484 luz.
212 1425 369 1485 Vorschul.
392 1448 415 1485 a.
436 1425 498 1486 Cic.
518 1450 547 1508 p.
576 1434 645 1487 222.
672 1426 741 1507 ibiq.
763 1427 868 1487 laudat.
896 1426 1042 1497 Plutarch.
1071 1425 1133 1489 Cir.
1155 1430 1206 1489 47.

123 1508 173 1564 48.
195 1505 320 1587 Appiam
341 1511 392 1580 ΙΙΙ,
414 1509 442 1567 4.
462 1507 552 1567 Dion.
573 1506 654 1569 Cass.
670 1510 784 1582 XLVII,
807 1514 853 1568 10.
876 1513 922 1568 11.
950 1508 1014 1567 Liv.
1035 1530 1079 1589 ap.
1101 1509 1205 1570 Seuer·

123 1585 246 1659 Suasor.
269 1594 297 1647 7.
325 1588 422 1653 Valer.
444 1590 519 1649 Max.
540 1595 578 1663 V,
599 1595 627 1649 3.
646 1625 683 1651 -.
719 1589 807 1653 Bach.
836 1590 930 1650 Diuus
956 1589 998 1656 int
1016 1587 1090 1653 Cod.
1118 1592 1205 1650 Farn-
1261 1624 1264 1630 ·

122 1667 267 1729 omissum
287 1669 391 1745 eiecit,
420 1693 509 1751 quum
532 1671 629 1741 statim
656 1671 769 1753 aptiore
789 1668 856 1732 loeo
883 1681 1041 1751 repetatur.
1081 1670 1206 1739 Retiuoi

122 1747 163 1809 ol)
183 1749 308 1811 aliorum
337 1749 431 1817 Codd.
459 1763 490 1812 et
509 1751 582 1812 Edd.
610 1753 814 1811 auctoritatem
842 1763 872 1812 et
898 1751 979 1831 quod
998 1750 1129 1833 Augusti
1147 1771 1205 1813 uo·
1260 1790 1266 1805 =

121 1829 196 1897 mini
216 1853 333 1913 semper
350 1832 412 1892 scre
432 1832 464 1901 in
483 1832 548 1899 boc¹
560 1832 635 1893 Dial.
654 1833 801 1913 praemitti
821 1833 922 1893 soleat.

204 1915 313 1977 Statue
336 1946 372 1958 -
394 1914 492 1974 adiice
512 1949 550 1961 -
573 1912 766 1996 colliguntur]
794 1920 816 1972 Ι.
838 1935 862 1974 e.
883 1913 908 1972 si
929 1911 1032 1973 statuis
1049 1910 1204 1980 *adiicis

122 2028 162 2043 -
185 1994 375 2077 colliguntur.
416 1996 509 2076 Saepe
535 1995 613 2055 enim
634 2017 650 2056 a
672 1995 793 2057 Graecis
823 2007 854 2057 et
879 1993 990 2055 Latinis
1014 2015 1069 2076 pro
1099 1992 1204 2059 cond-

119 2075 226 2137 lionali
246 2076 452 2156 enuntiatione
470 2076 593 2161 simplex
609 2077 750 2157 ponitur,
770 2077 851 2158 quod
867 2098 960 2159 genus
977 2075 1092 2136 dicendi
1109 2075 1204 2137 multo

119 2158 241 2243 gravius
269 2170 356 2237 atquc
384 2158 476 2241 magis
504 2158 666 2221 oratorium
696 2181 782 2239 quam
802 2159 931 2241 vulgare.
969 2155 1031 2219 Cic.
1053 2157 1143 2217 Tuse.
1164 2159 1203 2234 11,

122 2245 173 2316 12,
194 2246 244 2299 28.
284 2240 369 2315 Rogo
391 2239 545 2299 leonidem
566 2238 748 2320 Epicurum.-
778 2246 874 2301 maius
894 2239 974 2299 dicet
999 2259 1062 2297 esse
1090 2239 1216 2303 malum-

120 2321 299 2388 mediocrem
327 2322 473 2396 dolorem,
498 2341 591 2460 quam
619 2325 782 2385 maximum
812 2321 936 2380 dedecus
961 2317 1030 2398 ibiq.
1052 2318 1202 2385 Kuelmer·

121 2402 227 2478 Quint.
248 2406 311 2474 XII,
332 2407 380 2475 10,
401 2407 449 2467 36.
523 2403 669 2461 ιιΙΙίΙίίαίσ
699 2405 857 2463 vincimur:
890 2403 1040 2467 valeamus
1062 2400 1202 2478 pandere.

118 2486 171 2559 lX,
199 2485 231 2558 4,
259 2488 326 2542 120.
360 2485 463 2542 Horat.
493 2482 579 2541 Satir.
600 2483 625 2555 1,
652 2486 680 2557 Ι,
703 2485 743 2542 45
764 2505 807 2562 sq.
844 2480 914 2560 ibiq.
935 2478 1090 2539 Heindorf.
1111 2481 1148 2554 ΙΙ,
1169 2485 1201 2556 6,

119 2567 160 2627 48
182 2586 226 2643 sq.
262 2563 359 2624 Bentl.
382 2564 555 2624 Ruddiman.
576 2561 671 2621 lnstit.
690 2564 722 2623 P.
744 2567 779 2621 ΙΙ.
800 2585 828 2644 p.
850 2566 924 2622 356:
956 2559 1059 2620 scatit.
1081 2559 1201 2627 llam'slr.

140 2688 148 2703 .
171 2650 239 2705 193.
261 2649 289 2704 5.
325 2644 600 2705 trutanniam
622 2642 709 2704 Ovid.
730 2644 851 2715 Heroid.
871 2645 901 2717 4,
923 2646 990 2701 139.
1025 2640 1144 2703 Dissen.
1164 2640 1202 2702 ad

118 2711 229 2787 'ibuit
249 2729 274 2800 Ι,
292 2732 322 2803 6,
339 2733 387 2786 58.
409 2739 439 2788 et
460 2728 493 2787 ad
515 2725 668 2785 Demosth.
691 2727 727 2786 de
748 2724 859 2786 Coron.
874 2746 904 2805 p.
919 2725 989 2795 284.
1010 2722 1047 2783 de
1068 2719 1201 2783 Graecis.

201 2808 308 2868 Statue
328 2829 382 2868 seer
411 2819 440 2868 et
465 2803 676 2891 qninquaginta
702 2805 812 2889 annos]
854 2805 948 2866 Codd.
975 2806 1061 2864 Fara.
1088 2803 1201 2864 Vaticc.
1265 2822 1270 2829 '

117 2887 261 2951 exhibent
285 2911 385 2949 norem
410 2900 440 2949 et
467 2890 679 2972 quinquaginta
706 2909 815 2962 annos,
847 2887 940 2949 Codd.
967 2886 1032 2947 Par.
1054 2885 1141 2944 Vlnd.
1170 2895 1215 2945 et.

117 2970 193 3031 Edd.
223 2981 290 3030 ante
316 2972 396 3052 Lips.
429 2981 495 3031 ocio
524 2980 553 3029 et
579 2974 810 3054 quinquaginta,
850 2990 937 3049 quem
965 2987 1019 3026 sex
1046 2976 1077 3024 et
1102 2969 1199 3048 quinq.

116 3051 320 3112 emendantem
342 3073 443 3112 omnes
467 3051 541 3113 Edd.
563 3063 633 3114 suut
652 3052 747 3110 seculi
763 3061 880 3132 praeter
899 3047 1013 3108 Dronk.
1035 3057 1065 3104 et
1086 3045 1198 3105 Osann.

117 3144 185 3195 octo
212 3142 242 3192 et
269 3137 365 3215 quin.
393 3144 573 3195 revocantes.
600 3130 680 3212 Lips.
710 3131 873 3192 emendatio
898 3129 1089 3190 confirmatur
1116 3146 1199 3195 com-

114 3215 271 3297 putatione
302 3157 370 3274 inde
397 3236 413 3275 e
440 3212 592 3275 Ciceronis
618 3223 715 3272 morte
743 3213 832 3288 lacta,
871 3209 1046 3273 Ciceronem
1074 3207 1198 3269 interfe-

102 3286 198 3356 'ctum
226 3315 291 3355 esse
319 3301 380 3355 Vll.
418 3296 457 3356 ld.
490 3297 561 3354 Dec.
583 3299 651 3354 711.
672 3296 710 3352 U.
732 3291 766 3354 C.
793 3305 823 3354 et
850 3291 1020 3375 Augustum
1046 3300 1199 3349 mortuum

115 3380 193 3436 xiv.
216 3375 277 3436 Cal.
297 3377 378 3458 Sept.
400 3383 468 3436 768.
495 3376 543 3436 vd.
571 3376 653 3435 Suet.
675 3376 751 3457 Aug.
774 3381 802 3434 8.
827 3378 955 3455 primum
982 3393 1047 3430 eum
1068 3373 1111 3433 M.
1133 3369 1198 3430 An-

114 3461 197 3520 tonio
217 3458 382 3540 Marcoque
400 3453 532 3540 L‘epido,
552 3457 619 3515 dein
641 3466 755 3516 tantum
777 3476 844 3514 aum
863 3454 993 3515 Antonio
1011 3473 1065 3534 per
1085 3451 1197 3511 duode-

77 3607 82 3615 ,
114 3544 174 3603 aim
190 3537 261 3618 sere
288 3562 399 3616 annus,
426 3543 579 3610 nouissime
603 3557 658 3619 per
678 3548 818 3621 quattuor
843 3547 872 3597 et
891 3536 1093 3619 quadraginta
1117 3532 1198 3591 solus

114 3641 179 3687 rem
196 3621 346 3710 puplicam
366 3626 466 3693 wnuit.

198 3700 276 3784 Gai]
316 3702 405 3765 Bekk.
433 3702 526 3784 (sicut
552 3700 631 3771 Hist.
649 3703 674 3776 Ι,
694 3701 743 3761 48.
762 3735 803 3748 -
831 3719 902 3758 num
933 3715 950 3756 e
978 3692 1051 3755 Cod.
1072 3692 1195 3788 Fq'rni)

113 3783 265 3845 Boettich.
285 3784 359 3849 Ritt.
377 3785 465 3852 Bach.
487 3781 598 3865 (ubiuis
621 3782 652 3843 in
674 3776 937 3858 saisitione),
957 3797 1029 3856 quae
1050 3785 1196 3855 scriptura
1279 3772 1291 3791 '

114 3865 310 3931 confirmatur
343 3865 486 3947 lapidibus
512 3886 568 3945 ap.
583 3864 704 3931 Gruter.
732 3884 761 3943 p.
781 3866 850 3921 250.
873 3862 961 3932 574„
988 3855 1088 3919 multis
1108 3854 1195 3951 bonis

114 3942 211 4008 Codd.
233 3958 305 4009 vett.
327 3947 464 4028 scriptor.
485 3945 595 4017 Latin,
628 3954 663 4004 ut
688 3942 889 4026 Guelferbytt.
908 3939 1051 4024 (Gudian.
1072 3935 1122 4017 ΙΙ.)
1144 3933 1196 3997 Cr·

114 4048 195 4107 cer..
222 4039 255 4095 et
274 4028 411 4113 ertlrogn
433 4027 538 4101 Graec.
559 4030 656 4104 rien.
677 4024 879 4091 commendet·
899 4019 1099 4095 tfissltfleidffl·
1118 4034 1195 4098 (1⁸⁰-
