2634 4656
533 241 612 324 Cap.
634 229 695 305 ῙΧ.
1113 252 1157 313 59
1204 333 1207 340 f

72 391 229 494 pervenit
248 391 397 490 frugem;
423 419 485 489 nec
510 411 567 467 aut
589 394 766 468 amicitiam
789 392 869 471 inde
891 399 992 473 refert
1018 416 1075 475 aut
1098 400 1156 476 cli·

73 490 218 564 entelam
242 497 299 565 au't
322 508 516 566 mansurum
539 493 576 567 in
598 495 709 568 animo
729 496 925 596 cuiusquam
946 499 1156 591 beneficium,
1242 554 1248 567 ³

71 591 137 663 scd
170 590 347 665 clamorem
373 620 493 688 vagum
522 609 553 666 et
584 621 682 667 voces
704 595 825 668 ‘inanes
851 613 882 668 et
907 599 1067 693 gaudium
1098 628 1156 673 vo·

71 687 176 764 lucre.
227 690 450 767 Laudavimus
467 719 578 792 nuper
601 709 637 765 ut
658 694 775 793 miram
802 711 832 767 et
856 694 1006 769 eximiam
1027 701 1093 771 Vcs
1120 726 1156 771 a·

71 787 161 862 siani
185 788 433 880 liberalitatem,
462 789 555 891 quod
581 793 764 894 quingenta
787 795 939 868 sestertia
963 797 1071 870 Basso
1093 727 1156 871 do-

71 959 200 1036 ducunt,
220 982 277 1021 non
299 960 343 1021 ad
353 957 525 1040 frumenta,
546 982 621 1058 quae
640 964 703 1022 iam
722 965 753 1021 in
773 963 871 1023 herbis
890 974 995 1039 erant,
1026 986 1156 1026 corrum-

68 1043 172 1130 penda
191 1040 261 1140 ibiq.
277 1043 412 1104 Gronov.
429 1044 498 1104 Tac.
518 1043 597 1111 Hist-
612 1045 651 1120 V,
667 1050 695 1104 t.
737 1045 824 1106 Unde
844 1045 930 1107 ducta
950 1045 1021 1107 haec
1041 1046 1155 1108 locutio

69 1124 268 1208 proverbiales
288 1137 449 1206 usurpatur
478 1125 514 1185 de
541 1146 575 1186 re
604 1125 736 1187 nondum
762 1139 882 1187 matura.
920 1127 1008 1188 Ouid.
1033 1128 1155 1190 Heroid,

72 1212 125 1282 17,
147 1213 218 1269 263.
241 1217 270 1267 et
290 1207 387 1268 addua
406 1217 459 1268 tua
472 1211 583 1276 ¹messis
601 1211 633 1267 in
653 1208 746 1267 herba
768 1207 896 1289 estibiq.
914 1209 1154 1272 trutanniam

30 1337 39 1355 ,
69 1288 219 1351 Frentum
247 1289 322 1370 Epp.
343 1293 367 1365 Ι,
389 1294 419 1351 5.
467 1288 568 1363 Egone
598 1293 649 1372 qui
673 1289 799 1350 indolem
828 1294 938 1365 ingenii
959 1296 1004 1352 tui
1029 1295 1059 1350 in
1084 1313 1155 1367 ger-

71 1375 152 1432 mine
172 1374 279 1442 etiarn,
308 1381 370 1429 tum
393 1375 470 1431 etin
490 1371 583 1431 herba
603 1383 632 1443 et
651 1375 682 1430 in
694 1371 776 1453 flore
797 1372 969 1446 dilexerim,
997 1395 1072 1434 nune
1083 1372 1154 1452 sru-

67 1472 138 1529 gem
153 1456 249 1534 ipsam
269 1462 406 1512 maturae
423 1456 537 1513 virtutis
553 1473 648 1536 ponne
668 1454 758 1512 multo
778 1455 923 1536 multoque
937 1457 1066 1536 amplius
1085 1455 1153 1515 dili-

67 1535 170 1610 garn?
185 1537 225 1584 ·'-
260 1533 476 1615 Praeciperei.
496 1555 526 1613 q.
553 1533 662 1614 aliquid
685 1545 879 1616 antecapere,
910 1534 1096 1596 festinantius
1112 1571 1153 1586 ·-

67 1615 278 1698 properantius
313 1636 432 1695 capere,
463 1615 638 1696 priusquam
672 1616 708 1674 ad
743 1617 940 1676 maturitatem
975 1617 1153 1698 pervenerit.

66 1697 250 1779 Praecipere
271 1697 387 1772 gaudia
416 1696 503 1757 Ouid.
523 1697 644 1756 Her-oid.
669 1701 808 1781 17,1o7.
839 1697 909 1779 ibiq.
933 1699 1052 1759 Ruhuk.
1074 1698 1153 1759 Dictn

70 1789 105 1840 et
131 1777 271 1839 Albinov.
292 1776 375 1860 Eleg.
395 1784 444 1839 29.
475 1777 539 1837 Liv.
560 1772 648 1850 XXll,
669 1783 717 1837 38.
745 1797 778 1836 se
803 1800 879 1861 patae
905 1782 1027 1839 consilia
1056 1783 1154 1854 magra

67 1881 123 1927 res
143 1860 213 1919 dent
233 1861 395 1920 hominibus
408 1867 503 1943 'poam
523 1861 654 1920 hanzines
679 1859 782 1931 rebus,
811 1881 848 1918 ea
869 1871 939 1918 ante
959 1872 1072 1943 tempus
1096 1865 1153 1920 irn-

73 1953 198 2004 mamm
224 1963 280 2002 non
304 1952 537 2024 praecepturum.
577 1943 670 2001 Recte
687 1940 798 2000 Rittcr.
818 1942 853 2000 ad
881 1942 949 2001 Tac.
967 1943 1081 2003 Hister.
1101 1947 1153 2019 ΙΙΙ,

69 2030 119 2086 65.
139 2023 351 2104 interpretatur
370 2020 399 2081 h.
419 2023 454 2084 l.:
475 2025 542 2082 laus
562 2025 637 2081 velut
658 2026 688 2081 in
709 2023 801 2082 herba
821 2033 981 2107 praecepta
1001 2024 1020 2084 i.
1041 2045 1068 2106 q.
1089 2023 1152 2086 laus
1195 2024 1200 2032 '

66 2104 153 2188 prius
174 2115 257 2185 capta
277 2125 363 2184 quam
384 2104 447 2186 capi
464 2105 521 2164 rite
540 2115 648 2186 potest.
1130 2141 1132 2146 .
1216 2186 1223 2193 ἢ

134 2223 204 2277 nee
223 2212 277 2261 aut
297 2205 458 2262 amicitiam
478 2202 545 2261 inde
567 2199 659 2280 referi
678 2199 748 2284 eta]
787 2199 927 2282 Referre,
957 2211 990 2261 ut
1017 2207 1153 2281 φέρεσθαι

63 2317 108 2363 =--
130 2285 320 2362 ἀποφέρεσθαι
338 2283 387 2342 vd.
408 2285 527 2343 Passov.
548 2284 636 2357 Len,
658 2282 676 2340 i.
696 2305 724 2363 q.
746 2283 907 2364 consequi,
928 2297 1080 2365 reportare
1103 2306 1152 2344 ra·
1231 2291 1234 2295 ’

66 2362 132 2426 rius
156 2374 211 2425 est
250 2364 319 2426 Tac.
341 2364 419 2424 Anu.
443 2368 492 2440 111,
515 2369 564 2424 2¹1.
594 2366 677 2424 miles
696 2369 809 2424 serrati
827 2370 896 2426 ciuis
922 2365 1009 2425 decus
1029 2367 1151 2426 rettulit.

65 2445 153 2530 Virg.
173 2444 248 2508 Aen.
268 2446 319 2523 tv,
350 2450 397 2506 93.
438 2446 600 2520 Egregium
629 2465 695 2504 vero
723 2445 841 2505 laudem
869 2457 898 2506 et
925 2448 1022 2527 spolia
1050 2449 1152 2531 ampla

65 2517 193 2607 refertis'
208 2527 305 2610 Tuque
322 2549 450 2612 puerque
469 2538 544 2587 tuus.
582 2527 630 2586 De
650 2527 795 2587 sententia
812 2527 842 2586 h.
861 2527 880 2586 l.
897 2527 934 2587 cl.
952 2527 1068 2610 Dialog.
1084 2535 1104 2591 5
1121 2538 1153 2590 et

66 2614 214 2671 annun.
233 2612 273 2665 ΙΙΙ
305 2613 354 2668 55.

153 2653 341 2772 mansuritm]
371 2691 453 2749 Usus
473 2687 605 2770 partitlp.
627 2687 719 2748 latur.
741 2677 904 2772 actiuprd
925 2688 1090 2767 adiectivo,
1116 2700 1153 2752 ut

66 2770 99 2833 lt.
116 2768 137 2831 l.
160 2789 330 2833 mansurum
350 2770 369 2830 i.
388 2793 415 2850 q.
438 2769 541 2831 stabile
557 2806 595 2817 —
611 2782 806 2852 perpetuum,
828 2773 955 2853 primum
977 2773 1053 2852 apud
1074 2791 1151 2854 poe-

65 2850 131 2929 tal,
164 2864 229 2913 tum
255 2853 330 2934 apud
358 2853 518 2933 scriptores
549 2864 703 2935 argenteae
732 2853 832 2912 aetatis
875 2853 1031 2934 reperitur.
1066 2854 1151 2938 Virg.
1224 2860 1227 2866 '

67 2932 144 2996 Aen.
164 2938 213 3008 111,
235 2941 284 2996 86.
313 2933 354 2993 da
374 2938 489 2995 moenia
507 2930 599 3012 sessis
627 2934 669 2993 Et
686 2956 778 3010 genus
799 2945 828 2995 et
848 2956 1020 2994 nransuram
1041 2937 1151 2996 urbem.

42 3051 45 3055 ⁴
68 3014 158 3077 ovid.
185 3016 252 3075 Art.
279 3015 390 3074 amand.
411 3019 448 3090 ΙΙ,
475 3017 544 3075 242.
580 3016 649 3076 Tac.
677 3015 756 3075 Anu.
778 3021 830 3091 lv,
861 3021 909 3076 38.
936 3017 1151 3099 pulcherrimae
1251 3045 1252 3048 ¹

66 3095 180 3178 effigies
199 3106 229 3157 et
248 3117 415 3165 mansurae.
443 3094 623 3179 Diatogea.
637 3098 686 3156 34.
709 3096 877 3158 duraturus.
899 3097 1004 3172 Quint.
1017 3102 1081 3172 xtl,
1100 3103 1150 3174 10,

65 3182 117 3241 ⁴9.
135 3182 307 3263 posteritati
325 3181 526 3261 mansurisque
547 3200 615 3238 moa
636 3179 750 3237 litteris.
774 3185 821 3238 73.
861 3179 970 3238 uod-
991 3188 1044 3237 aut
1064 3186 1150 3238 casu-

68 3262 129 3334 ris,
158 3262 187 3318 si
212 3261 313 3320 leuiter
327 3263 540 3334 ,excutientem
560 3259 696 3342 flosculis
719 3263 801 3318 nitet.
834 3203 859 3319 li

66 3345 171 3402 victuri
207 3345 367 3402 enominis
376 3338 497 3420 sumam
510 3367 558 3388 ¹·-
576 3346 739 3424 prorogare
759 3344 899 3400 nituntur.
934 3339 981 3402 Cf.
1001 3341 1149 3402 Boetticlr.

51 3424 139 3485 'Len
158 3364 225 3483 liic.
248 3445 277 3504 p.
297 3425 367 3484 eto.
384 3423 420 3482 de
439 3423 491 3482 vit.
513 3433 543 3482 et
563 3422 663 3502 script.
683 3423 752 3483 Tac.
772 3445 801 3503 p.
822 3427 870 3482 39.

25 3546 28 3553 ,
145 3504 289 3578 gaudum
310 3500 438 3584 iolucre]
471 3501 533 3565 Cic.
554 3524 598 3584 pr.
619 3502 692 3562 Sull.
714 3509 763 3562 32.
791 3506 971 3565 ooolucrem
982 3502 1149 3584 frontonem.

63 3584 192 3646 Tertull.
211 3587 248 3645 de
267 3586 430 3666 poenitent.
460 3589 505 3645 11.
528 3584 670 3660 gaudium
695 3586 857 3645 rotaticum.

153 3667 355 3727 Laudavimus
375 3686 466 3747 nuper
486 3675 519 3725 ut
538 3670 647 3725 miram
664 3677 698 3725 ‘et
717 3669 859 3726 eximiam
886 3667 1059 3748 Vespasiani
1077 3666 1149 3726 Iibe-

63 3748 236 3821 talitatem,
264 3749 340 3831 quod
364 3752 521 3844 <pungente
541 3750 679 3806 sestertia
699 3748 796 3807 Basso
823 3745 978 3828 donasset]
1009 3748 1147 3829 Exempla

64 3827 188 3889 eximiae
215 3827 395 3889 liberalitatis
424 3829 455 3888 in
486 3848 573 3889 omne
602 3849 695 3911 genus
723 3827 875 3887 hominum
903 3827 1003 3888 refert.
1023 3829 1148 3891 Sueten.
1177 3889 1180 3896 ,

63 3911 187 3991 Vespas.
211 3915 273 3982 17„
300 3909 331 3969 in
361 3909 647 3970 eruditoshomines
678 3919 708 3968 et
731 3909 857 3969 artifices
880 3914 927 3969 18.
968 3909 1092 3986 Ingenia
1119 3921 1149 3972 rt

50 3997 148 4052 'anes
170 3993 215 4051 oei
233 3995 364 4051 maairne
376 3989 470 4070 sooit:
488 3995 601 4072 primus
622 4010 638 4050 e
650 3988 727 4070 fisco
748 3991 866 4050 Latinis
883 3991 1061 4077 Graea'sque
1080 3993 1149 4053 rire-

63 4073 180 4135 toribus
199 4092 299 4133 aunua
321 4083 442 4133 centena
463 4077 619 4132 constituit.
661 4071 857 4138 Praestaates
880 4083 987 4156 poetas
1011 4093 1065 4134 nee
1080 4078 1149 4136 'noa

63 4163 96 4216 et
113 4151 261 4236 artificas,
282 4153 364 4216 Coae
374 4156 512 4230 ,Veneria
530 4157 602 4230 itere
621 4150 737 4215 cotom
752 4151 936 4235 refectorem,
955 4155 1065 4234 impu
1080 4176 1146 4217 eon-

860 3259 910 3319 lin.
933 3260 1007 3340 Epp.
1028 3263 1077 3334 ΙΧ,
1102 3264 1149 3320 19.
1177 3261 1179 3266 ’
1247 3287 1250 3293 ·
