2634 4656
112 280 135 349 ti
167 252 169 256 ι
437 271 601 357 Dialogus·
617 273 666 349 da,
679 272 864 337 Oratoribus

112 450 200 513 mam
226 428 279 502 soi
302 428 445 528 quisque
472 447 504 502 et
527 426 628 500 animi
654 444 686 500 ct
710 425 837 520 ingenii
862 423 1038 513 redderet,
1073 422 1191 499 iisdem

112 557 204 603 nunc
228 528 384 601 'numeris
417 527 604 627 iisdemque
637 524 824 600 rationibus
850 550 1035 625 persequar
1066 539 1191 597 serrato

112 708 212 772 larum
239 709 467 791 vocabulorum)
491 729 582 790 eaque
608 730 670 770 non
697 729 854 790 permagna
879 706 911 766 in
940 706 1021 767 hunc
1049 704 1193 791 dialogum

112 792 262 854 invaserit.
296 790 383 854 Cani.
405 805 476 853 nota
495 794 532 852 ad
552 815 596 873 cp.
614 797 652 851 35
669 804 699 851 et
716 797 764 851 36.
804 792 958 850 Praeterea
981 788 1007 848 si
1031 788 1195 849 tolerantur

73 879 77 885 ’
113 876 202 937 verba
225 875 273 935 vel
294 875 432 951 easdem,
453 874 527 935 mire
544 873 706 934 succedunt
725 872 779 932 sed
789 871 975 953 probabiles:
998 891 1065 929 nam
1083 872 1194 931 easdem

114 957 234 1018 alicuius
256 956 299 1016 rei
323 978 421 1016 causas
449 977 513 1016 esse
541 954 723 1037 probabiles,
751 955 781 1013 id
803 966 862 1023 tam
892 951 1044 1033 probabile
1073 965 1139 1030 est,
1163 963 1195 1013 ut

113 1037 255 1136 particula
274 1037 328 1096 sed
347 1057 525 1119 magnopere
545 1037 683 1096 offendat.
737 1033 903 1115 Adscripsit
928 1035 973 1093 rel
999 1034 1121 1094 easdem
1149 1032 1195 1115 qui

114 1116 147 1180 m
162 1119 221 1178 hoe
238 1140 328 1199 opere
355 1120 469 1178 easdem
486 1141 584 1178 causas
599 1140 614 1177 a
629 1116 765 1199 personis
785 1115 881 1176 allatas
902 1114 1051 1176 invenisse
1066 1137 1100 1177 se
1116 1119 1200 1199 puta-'

114 1212 163 1260 ret
188 1200 314 1279 ideoque
344 1199 518 1280 scriptorem
541 1201 747 1282 corrigendum
769 1198 956 1278 susciperet«
997 1197 1127 1258 Baebius
1153 1197 1195 1257 in·

115 1281 229 1342 tellcxit
251 1300 349 1340 causas
376 1282 464 1341 modo
486 1281 633 1356 diversas,
659 1281 748 1339 modo
770 1279 884 1339 easdem
907 1278 1011 1360 (modo
1033 1278 1091 1338 sibi
1112 1301 1195 1377 repu-

116 1375 261 1445 gnantes,
282 1361 371 1421 modo
392 1359 638 1441 consentientes),
660 1363 712 1421 sed
731 1381 880 1440 nunquam
895 1359 1105 1441 improbabiles
1124 1360 1158 1443 (ι.
1172 1380 1195 1421 e·

116 1465 266 1523 uunquam
287 1443 366 1503 leves
390 1444 452 1504 sive
480 1440 691 1523 spernendas),
724 1463 797 1522 quae
818 1442 875 1500 luit
896 1441 1082 1523 singulorum
1096 1442 1196 1503 'senti-

117 1525 186 1585 endi
207 1524 413 1606 cogitandique
433 1524 518 1583 ratio.
554 1523 739 1583 Ecksteinius
756 1535 786 1582 ct
798 1521 924 1583 Baebius
939 1522 1068 1604 probant
1081 1523 1196 1585 senten·

116 1605 395 1666 tiamDocdcrlein.
417 1605 526 1664 Rhein.
544 1606 623 1665 Mus.
655 1604 721 1663 Vol.
741 1605 789 1662 lll.
818 1605 851 1664 P.
872 1606 894 1663 l.
914 1627 942 1685 p.
966 1609 1123 1681 16-19.,
1152 1618 1197 1667 τεὲ
1242 1602 1244 1607 ’

117 1685 193 1747 iectu
211 1698 309 1745 tamen
329 1678 573 1766 transpositione*
589 1708 677 1767 quum
705 1686 814 1759 singuli
833 1685 964 1744 diuersas
988 1687 1043 1744 sed
1060 1688 1198 1767 probabi·

118 1769 159 1829 les
182 1787 291 1826 causas
311 1765 456 1846 affarent
484 1769 529 1827 vel
548 1767 686 1840 easdem,
714 1766 813 1826 locum
833 1766 875 1826 sic
899 1766 1121 1848 interpretantis
1133 1813 1149 1845 ‚.
1168 1778 1200 1829 nt

119 1850 252 1909 diuersum
273 1868 381 1908 causas
401 1847 510 1909 reserat
529 1849 564 1908 ad
573 1848 738 1910 Messallam
760 1868 859 1908 causas
882 1860 1038 1945 corruptae
1059 1851 1199 1931 eloquen-

117 1930 176 1990 tiae
197 1951 233 1988 ex
253 1930 416 2010 depravatis
437 1930 570 1990 moribus
591 1941 621 1990 et
641 1931 677 1990 ad
692 1932 858 1990 Maternum
879 1950 914 1989 ex
930 1929 1036 2009 quietis
1060 1932 1200 2015 tempori·

118 2009 378 2086 sostratenam,
399 2012 517 2070 easdem
539 2031 612 2072 vero
633 2033 732 2071 causas
754 2012 791 2071 ad
811 2011 939 2071 Secundi
963 2033 1134 2089 sermonem
1153 2015 1201 2075 de·

119 2092 276 2173 perditum.
317 2093 364 2151 De
384 2092 529 2172 sententia
549 2092 586 2152 cl.
605 2091 681 2152 Plio.
702 2093 777 2174 Epp.
801 2094 824 2168 l,
847 2099 899 2168 20,
921 2097 968 2153 12.

201 2188 271 2249 dum
293 2187 430 2266 sormam.
454 2192 503 2267 sui
530 2192 651 2271 quisque
680 2198 709 2247 et
737 2193 831 2248 animi
858 2199 887 2248 et
917 2193 1028 2264 ingenii
1047 2190 1202 2277 redderet]

121 2270 202 2331 Dum
219 2269 355 2350 exp'rimit
370 2268 569 2330 conditionem
587 2269 788 2329 concedendae
802 2269 848 2331 rei
864 2271 971 2330 restrin
994 2285 1104 2349 entem,
1126 2286 1204 2337 aenis

122 2372 194 2426 nur,
215 2372 271 2409 nur
291 2352 362 2409 dass
382 2350 418 2410 ci.
440 2351 534 2411 Hand.
554 2352 644 2411 Turs.
664 2350 732 2411 Vol.
754 2353 788 2409 ll.
811 2374 840 2433 p.
861 2354 930 2412 324.
970 2293 1017 2412 be
1029 2352 1139 2431 fiirma
1158 2372 1205 2417 an

123 2443 153 2492 et
173 2433 231 2507 ing'.
262 2431 298 2492 ef.
319 2432 387 2491 Tae.
406 2430 505 2515 Agris.
526 2432 576 2494 46.
596 2431 703 2510 forma
732 2437 854 2501 mentis‚·
874 2430 980 2511 formo
1008 2438 1121 2509 ingenii
1146 2434 1205 2499 etc.

123 2514 208 2573 Brut.
228 2517 279 2589 85,
310 2515 378 2574 294.
400 2519 450 2590 95,
475 2519 561 2588 327.;
589 2514 723 2590 Turul,
754 2519 804 2590 16,
835 2520 883 2573 37.
919 2513 1115 2599 (animorum)
1138 2518 1206 2599 fiir·

124 2614 205 2655 mam
240 2597 372 2678 aliquam
395 2593 591 2677 figuramque
619 2596 809 2676 quaerebant.
852 2594 957 2669 Quint.
982 2597 1048 2673 ΧΠ,
1079 2604 1130 2675 10,
1161 2604 1207 2663 10.

124 2676 160 2735 1η
181 2680 315 2736 oratione
338 2696 403 2735 vero
425 2679 454 2734 si
475 2680 587 2755 speeies
615 2679 724 2735 intueri
744 2678 830 2751 uelis,
861 2677 983 2736 totidem
1003 2699 1101 2759 paene
1122 2702 1207 2765 repe-

124 2761 188 2815 rtas
214 2759 395 2830 ingeniorum
426 2767 496 2837 quot
528 2775 684 2837 carporum
702 2754 842 2836 formas:
876 2756 916 2818 ib.
944 2765 994 2819 20.
1024 2765 1207 2838 ingeniorum

121 2839 270 2918 plurimae
280 2834 412 2916 formae.

207 2931 309 2991 iisdem
332 2953 407 2991 nuno
428 2927 557 2994 numeris
577 2933 737 3015 iisdemque
754 2938 918 2998 rationibus
934 2960 1019 3019 perse
1041 2924 1116 3028 aab]
1138 2946 1210 3007 ora'·

126 3013 253 3073 tionibus
274 3011 367 3073 Codd.
388 3015 453 3074 Par.
473 3015 561 3083 Vind.
581 3027 653 3076 vett.
675 3016 750 3075 Edd.
779 3010 942 3080 rationibus
971 3043 988 3084 c
1017 2965 1093 3086 dod.
1122 3026 1209 3089 lton

61 3138 64 3142 .
125 3092 205 3174 Lips.
233 3094 264 3153 in
292 3094 366 3153 Edd.
401 3107 512 3175 poster.
558 3097 633 3157 Edd.
661 3109 784 3159 recentt.
814 3114 931 3180 praeter
960 3104 1071 3165 Osann.
1104 3107 1210 3187 Orell,

126 3186 221 3244 reete;
244 3196 310 3235 nam
331 3177 433 3236 iisdem
455 3181 583 3238 numeris
602 3176 711 3240 reseras
727 3179 763 3239 ad
781 3180 862 3241 dieta
876 3189 1025 3261 grauiter,
1047 3189 1210 3274 iisdemque

127 3257 293 3315 rationibus
312 3257 348 3315 ad
368 3262 542 3333 excogitato
563 3260 717 3321 subtiliter.
759 3261 885 3324 Numeri
903 3280 974 3326 sunt
992 3269 1155 3350 accipiendi
1174 3272 1210 3333 tle

128 3336 344 3415 compositione
374 3339 534 3400 verborum
570 3361 603 3401 ac
631 3341 667 3400 de
695 3352 758 3403 tota
787 3345 928 3406 orationis
966 3350 1211 3415 conformatione.

129 3415 235 3493 Quint.
254 3419 307 3493 lx,
330 3421 361 3495 4,
384 3424 433 3481 45.
482 3421 584 3482 Omnis
606 3432 759 3483 structura
788 3445 826 3484 aa
848 3426 990 3489 dimensio
1011 3442 1041 3491 et
1061 3436 1211 3514 copulatio

130 3518 230 3569 aarum
255 3510 371 3558 constat
391 3512 445 3561 aut
465 3507 593 3563 numeris
614 3500 765 3585 (numeros
784 3511 911 3584 ῥυθμούς
931 3517 1030 3592 accipi
1050 3514 1129 3596 uolo)
1159 3525 1214 3577 aut

129 3584 250 3660 μέτροις,
272 3579 363 3641 idest
383 3582 561 3645 dimensione
582 3585 722 3667 quadam.
762 3587 845 3650 Adde
863 3590 980 3651 Ernest.
997 3595 1067 3654 Lex.
1082 3596 1213 3659 lecbnol.

129 3660 191 3725 Lat.
214 3683 237 3720 s.
258 3684 286 3718 v.
302 3694 342 3706 -
379 3662 453 3725 Cod.
479 3667 565 3725 Farn.
583 3687 749 3749 prosequar
769 3669 805 3728 de
828 3692 884 3749 qua
907 3673 1021 3734 conius.
1042 3676 1090 3735 vd.
1112 3689 1213 3741 annot·

71 3748 73 3753 '
129 3741 166 3800 ad
187 3763 231 3822 cp.
252 3745 301 3801 35.
342 3743 449 3805 Ritter.
474 3747 566 3807 isdem
586 3746 697 3825 ubique
724 3749 947 3829 apudTac.cf.
970 3755 1033 3817 eius
1055 3760 1214 3823 annotati

130 3821 209 3883 Anu.
229 3824 252 3898 1,
277 3829 322 3882 17.
345 3838 374 3886 et
394 3848 457 3887 mea
476 3829 512 3887 ad
529 3826 604 3887 Dial.
625 3849 670 3908 ep.
694 3834 741 3889 12.

211 3931 327 3981 seruato
347 3924 449 3981 ordine
471 3923 696 4008 disputationis]
718 3927 786 3988 Non
805 3930 1005 4011 explicandum
1021 3957 1089 4008 cum
1104 3938 1214 4000 Subul-

132 3999 234 4061 riade
258 4016 371 4063 servata
392 4004 486 4063 torma
514 4004 672 4088 dialogico,
702 4008 753 4068 sed
775 4011 811 4070 de
833 4014 937 4075 ordine
964 4017 1126 4095 vulsenis,
1176 4041 1215 4083 ut

131 4081 313 4163 disputantes
341 4084 467 4146 invicem
492 4105 525 4147 sc
551 4099 726 4169 exceperunt
753 4088 816 4173 (die
841 4097 1038 4184 Reihensolge
1068 4101 1123 4163 der
1148 4101 1212 4166 uel

130 4162 402 4246 Untcrredenden).
1227 4208 1230 4213 ·
