2634 4656
464 259 545 341 cap.
566 254 727 323 XXXIV..
785 262 806 294 ·‘
1068 263 1134 325 22⁹
1231 306 1232 311 .

63 412 223 485 ditorium
248 418 387 512 semper
400 441 541 503 novum,
567 440 698 514 semper
720 411 873 528 plenum,
891 438 942 485 ex
959 412 1132 490 invidis-et

63 511 270 598 faventibus,
296 531 331 585 ut
349 541 408 587 nec
429 513 572 586 breviter
589 513 679 586 dicta'
696 511 989 601 dissimularentur.
1031 513 1130 589 Scitis

63 612 154 686 enim
185 639 339 708 magnam
370 612 457 689 illam
491 630 522 687 et
550 612 739 685 duraturam
773 610 977 712 eloquentiae
1009 614 1129 687 l'amam

52 797 148 882 saeta
169 820 221 859 nee
238 808 360 880 praeter
371 795 487 876 serrum
510 803 659 882 qur'equam
680 796 773 875 defuit
789 796 832 855 ad
849 800 955 857 iustam
978 798 1046 858 delli
1062 821 1129 881 spe-

61 882 145 943 ciem.
174 888 200 941 9.
225 903 306 964 quem
326 880 443 938 suriilrus
460 891 488 940 te
509 886 687 964 inspectante
706 900 797 961 prope
818 882 996 949 oeciderunt;
1019 881 1048 940 in
1069 903 1129 962 quo

62 976 194 1043 utroque
220 961 286 1021 loe'o
313 962 431 1021 sudibus
453 960 546 1042 (quod
573 963 602 1022 in
632 962 752 1022 rudibus
771 960 880 1041 pariter
898 983 930 1022 ac
951 961 969 1021 l.
989 961 1007 1020 l.
1029 965 1142 1023 luven.'
1191 967 1197 975 ’

63 1045 175 1127 corrigi
192 1044 266 1103 'vult
291 1043 452 1124 llcksteiu.)
481 1056 559 1105 recte
587 1065 618 1104 se
648 1043 748 1116 babet,
778 1042 882 1122 quibus
910 1039 1068 1123 praeacutis
1096 1046 1128 1105 in

62 1128 179 1189 ludicra
195 1147 291 1207 pugna
310 1124 355 1184 nsi
376 1126 547 1185 Macedones
570 1126 688 1186 vulnera
708 1127 801 1185 faeere
821 1136 970 1205 poteraut,
997 1147 1057 1185 non
1076 1149 1129 1186 ru·
1207 1164 1231 1192 a„

62 1209 160 1269 dibus.
201 1207 323 1289 luvenal.
342 1210 393 1280 Vt,
410 1213 477 1267 248.
498 1210 616 1275 uulnera
627 1210 692 1289 pali
702 1231 718 1268 a
732 1206 836 1266 femina
850 1207 906 1266 nisi
923 1206 1042 1268 sudibus
1059 1231 1127 1270 acu-

62 1292 104 1370 tis
132 1289 208 1351 effici
229 1311 288 1349 non
310 1300 460 1369 poterant,
488 1290 595 1369 quibus
622 1290 702 1369 palus
732 1287 890 1349 cavebatur.
929 1291 1000 1349 Nam
1021 1290 1127 1355 milites

60 1373 177 1433 tirones
198 1371 405 1430 exercebantur
422 1369 456 1429 'ad
476 1372 573 1451 palos,
601 1384 702 1431 contra
722 1392 795 1451 quos
816 1382 865 1428 aut
884 1370 986 1452 ligneis
1008 1372 1126 1432 ensibus

62 1466 116 1525 aut
141 1453 260 1514 sudibus
288 1453 381 1531 iisque
408 1453 498 1512 acutis
522 1452 694 1536 pugnabant.
722 1453 784 1512 Liv.
806 1454 914 1528 xxvi,
935 1459 983 1512 57.
1009 1454 1128 1515 sudibus

62 1542 142 1597 inter
167 1556 198 1595 se
223 1538 252 1594 in
280 1535 394 1593 niodum
422 1538 516 1594 iustae
536 1556 652 1615 pugnae
677 1543 878 1596 concurrerunt
900 1537 1127 1617 praepilatisque

62 1619 220 1695 missilibus
240 1619 365 1676 iaculati
382 1627 456 1674 suut.
474 1617 528 1696 Ap.
544 1617 610 1676 Sall.
626 1614 686 1676 Cat.
704 1623 751 1676 56.
775 1627 937 1697 praeacutas
954 1618 1039 1677 sudes
1057 1638 1127 1697 por-

62 1701 164 1761 tabant
179 1698 284 1757 milites
302 1696 457 1770 Catilinae,
478 1719 565 1777 quum
587 1697 718 1758 militaria
733 1719 809 1756 arma
828 1698 863 1756 iis
885 1698 1025 1757 deessent.
1048 1700 1127 1780 Lips.
1159 1736 1161 1741 2

31 1799 34 1811 '
63 1780 259 1842 emendationi
276 1781 411 1852 rudibus,
436 1780 465 1838 in
482 1782 587 1859 priorr.
603 1780 666 1840 cdd.
686 1778 720 1838 ab
743 1801 778 1840 eo
800 1779 829 1837 in
852 1790 963 1838 textum
983 1793 1125 1862 receptae,

61 1865 95 1925 in
108 1873 366 1944 postermtautum
383 1862 411 1920 iu
427 1856 537 1920 innott.
555 1863 766 1922 commendatae
780 1872 809 1920 et
828 1859 963 1941 probatae
978 1862 1125 1942 plerisque

61 1968 144 2026 seqq.
165 1945 237 2003 Edd.
257 1943 429 2024 suffragatus
460 1956 504 2002 est
525 1945 556 2003 P.
582 1964 699 2023 quoque
724 1943 816 2003 Faber
844 1944 1030 2014 Semestrium
1060 1945 1124 2004 Lib.

62 2031 99 2088 ll.¹
118 2027 207 2087 Paris.
233 2030 318 2084 1573.
340 2031 368 2085 4.
397 2048 422 2105 p.
444 2028 513 2086 243.
542 2025 572 2085 ἰη
593 2027 669 2085 doct.
691 2021 851 2088 comment.
870 2024 900 2083 in
920 2025 946 2083 h.
969 2025 987 2084 l.
1013 2023 1126 2087 'fluere

21 2179 26 2187 ,
63 2122 127 2172 erat
146 2109 225 2191 virga
247 2129 268 2165 s.
284 2106 373 2187 pugio
395 2107 525 2188 ligneus,
547 2128 605 2187 quo
629 2107 800 2189 gladiatores
818 2106 929 2166 tirones
949 2108 1124 2168 exercendae

62 2191 134 2253 artis
162 2211 244 2251 causa
272 2189 435 2268 pugnabant
464 2211 486 2248 s.
507 2188 664 2250 batuebant-
688 2201 717 2249 et
744 2187 985 2269 quoutebantnr
1006 2189 1124 2250 lanistae
1203 2210 1207 2214 ·

30 2324 35 2333 ,
61 2288 154 2336 artem
170 2270 362 2354 gladiatoriam
376 2272 521 2332 docentes.
561 2272 687 2331 Sardibus
701 2268 856 2350 utebantur
869 2270 973 2330 milites
991 2294 1022 2331 se
1040 2293 1123 2331 exer-

10 2380 18 2397 ·
62 2367 183 2428 centes,
212 2353 330 2411 rudibus
351 2352 531 2433 gladiatores.
579 2354 637 2413 Sed
662 2354 850 2412 confirmatur
872 2352 940 2412 haec
962 2352 1123 2413 emendatio

62 2437 246 2521 potissimum
276 2432 341 2492 loco
363 2431 422 2493 Cic.
444 2434 562 2514 dessopt.
582 2456 647 2516 gen.
668 2455 709 2491 or.
733 2440 762 2505 6,
785 2439 833 2506 17,
861 2454 945 2511 quem
966 2435 1032 2493 Tac.
1057 2445 1123 2494 aute
1155 2437 1169 2511 ⁴„
1247 2433 1259 2445 '

63 2519 167 2580 oculos
189 2515 321 2575 babuisse
339 2515 469 2575 videtur.-
496 2539 552 2575 nun
572 2520 646 2575 euim
668 2514 838 2595 (lsocrates)
858 2518 887 2572 in
906 2518 971 2572 acie
991 2525 1123 2575 versatur

64 2612 94 2661 et
114 2598 215 2678 serra,
240 2597 294 2656 sed
317 2602 403 2676 quasi
427 2598 546 2657 rudibus
573 2601 633 2671 eius
660 2597 749 2655 eludit
779 2600 882 2655 aratia.
932 2597 977 2657 De
1006 2597 1121 2657 eludere

62 2683 155 2744 verbo
176 2679 345 2762 gladiatorio
365 2679 410 2738 vd.
432 2691 531 2741 annot.
551 2679 586 2739 ad
607 2677 679 2738 Dial.
701 2683 728 2738 5.
824 2738 827 2749 ,

131 2778 197 2861 'sed
225 2777 402 2836 auditorium
431 2799 544 2860 semper
571 2799 688 2849 aarum,
713 2778 841 2859 semper
855 2774 989 2858 plenum]
1025 2775 1073 2836 Sic
1102 2795 1120 2838 e

25 2876 29 2882 '
63 2860 138 2923 Cod.
165 2863 249 2920 Fara.
276 2859 363 2931 Bekk.
389 2861 485 2919 Boett.
513 2859 626 2919 Walth.
653 2857 739 2918 Bacb.
766 2859 856 2932 nitu,
883 2858 915 2917 iu
942 2856 1033 2918 Codd.
1054 2860 1117 2918 Par.

62 2943 152 3002 vind.
174 2954 203 3002 et
223 2941 339 3021 reliquis
361 2941 563 3023 Edd..semper
580 2943 712 3023 plenum,
740 2962 853 3020 semper
872 2961 981 3000 aarum.
1022 2940 1118 2999 Audi-

62 3029 186 3100 turr‘um‚
208 3045 271 3082 voc.
285 3035 367 3082 aetat.
387 3035 514 3105 argent,
536 3023 705 3103 plerumque
720 3023 846 3104 positum
864 3023 899 3081 de
911 3022 1024 3082 loco‘ut
1044 3021 1117 3083 Dial.
1214 3074 1216 3079 .

64 3113 93 3168 9.
117 3112 161 3167 10.
183 3111 229 3166 29.
253 3111 318 3177 39..
344 3108 459 3185 plenum
483 3107 658 3177 auditorium
687 3104 789 3180 Quint.
802 3106 846 3176 ·ll‚
867 3108 915 3179 11,
935 3109 980 3177 3.‚
1010 3103 1118 3164 dieitur

63 3190 102 3249 de
122 3185 301 3249 auditoribus
321 3206 437 3266 quoque
456 3187 526 3267 ipsis
540 3185 602 3268 (vd.
622 3186 695 3246 Plio.
715 3187 787 3267 Epp.
802 3189 851 3260 lV,
865 3192 891 3244 7.
912 3185 987 3245 sicut
1007 3205 1116 3244 aeroa-

61 3275 105 3332 sia·
126 3268 186 3330 Cic.
207 3271 278 3348 Epp.
298 3269 331 3328 ad
355 3268 442 3328 Attio.
463 3271 529 3342 XV,
553 3267 632 3348 11),
661 3290 715 3348 qua
737 3267 843 3348 duplici
863 3267 958 3349 signis.
978 3267 1006 3326 b.
1029 3266 1047 3326 l.
1069 3278 1115 3327 est

60 3351 276 3433 accipiendum,
298 3350 347 3409 ubi
368 3351 473 3429 sorum,
486 3351 566 3411 locus
589 3361 642 3411 est.
684 3350 732 3410 Sic
752 3352 971 3413 conventiculum
989 3349 1024 3409 de
1043 3369 1114 3408 con-

61 3433 230 3518 gregatione
251 3431 399 3492 bominum
421 3431 495 3512 (Cir.
515 3455 559 3513 pr.
574 3433 649 3493 Sest.
664 3431 728 3514 42.)
751 3443 780 3492 et
801 3431 836 3491 de
853 3431 938 3507 loco,
951 3452 1019 3511 1quo
1041 3437 1113 3491 con‘-

59 3518 184 3578 veniunt
203 3514 284 3596 (Tac.
308 3514 383 3575 Anu.
404 3516 482 3587 XlV,
507 3514 576 3596 15.).

145 3623 176 3672 ut
193 3633 245 3671 nee
266 3614 386 3671 breuiter
400 3613 480 3672 dicta
501 3609 764 3692 dissimularentur]
792 3610 841 3670 Sic
861 3599 956 3669 boett.
976 3619 1005 3667 et
1025 3607 1110 3667 Bacb.

58 3696 155 3758 'secuti
168 3692 245 3754 Cod:
260 3696 362 3764 earu,
384 3695 433 3773 qui
446 3707 540 3754 tamen
555 3694 625 3754 male
639 3694 754 3766 exbibet
773 3693 993 3751 dissimularent.
1013 3689 1110 3748 Boett.

60 3777 214 3859 explicatio
243 3776 270 3834 b.
299 3776 429 3835 lectionis
454 3775 573 3856 probata
597 3775 682 3834 Bacb.
705 3776 774 3834 haee
801 3787 858 3833 est:
877 3785 959 3843 mam
984 3771 1111 3831 intentae

60 3871 145 3922 erant
165 3859 194 3917 in
217 3857 312 3917 omnia
330 3857 458 3916 diversae
476 3870 571 3939 partes
590 3870 624 3916 ut
643 3870 679 3917 ne
693 3856 827 3916 breviter
841 3856 954 3934 quidem
974 3854 1046 3912 dicta
1064 3852 1110 3912 in-

59 3942 183 4003 iudicata
210 3939 466 4019 relinquerentur«
514 3940 576 4000 Nee
596 3940 614 3997 i.
636 3961 662 4017 q.
686 3961 772 3998 ue-
794 3938 906 4017 quidem
927 3937 973 3995 vd.
1002 3934 1110 4016 Reisig.

58 4024 178 4084 Vurles.
196 4021 313 4104 ιξ.·’.)45.
335 4042 357 4081 c.
379 4023 462 4082 Haas.
488 4034 584 4080 annot.
604 4025 672 4081 417.
701 4021 783 4079 Fabr.
803 4021 836 4079 ad
856 4019 917 4078 Liv.
937 4019 1040 4089 XXlll,
1064 4022 1111 4090 18,
1179 4019 1184 4030 '

25 4110 28 4115 ’
58 4110 91 4169 4.
126 4105 291 4166 Lectionum
307 4125 358 4162 nee
375 4104 538 4163 benedicta
552 4104 799 4163 dissimularentur
814 4104 842 4162 iu
858 4099 948 4162 Codd.
961 4103 1024 4162 Par.
1038 4097 1110 4180 (nisi

34 4191 143 4274 tquod
166 4185 400 4270 dissimularent)
418 4185 501 4247 Vind.
521 4196 552 4248 et
569 4185 715 4270 plerisque
736 4187 807 4247 Edd.
835 4183 942 4267 (Orell.
963 4205 989 4246 c.
1008 4179 1111 4277 aeteri-
