2634 4656
440 330 462 343 „
529 297 699 383 aaran·
781 256 827 313 Ψ
937 256 943 271 ’
1109 301 1151 363 ts

64 478 143 525 rare
173 452 254 526 libri
284 453 388 528 buius
416 454 595 529 editionem
627 454 770 543 festino,
803 469 842 527 ut
872 452 1012 528 dimisia
1036 455 1152 556 prium
1277 508 1292 531 .

66 579 148 624 cura
172 580 278 625 novae
305 553 497 649 cogitationi
524 570 593 624 toto
627 570 761 653 pectore
789 552 992 627 incumbam.
1052 555 1150 627 Adeo
1266 629 1272 635 ,

64 666 97 723 te
121 651 318 746 tragoediae
343 652 426 724 istae
455 680 524 725 non
550 655 688 740 satiant,
729 653 839 752 inquit
871 655 983 751 Aper,
1017 655 1150 752 quomi-

63 774 131 822 nus
159 751 293 824 omissis
319 752 507 824 orationum
533 768 566 824 et
591 778 765 824 causarum
797 750 917 824 studiis
944 779 1042 824 omne
1068 769 1150 824 tem·

64 938 141 999 pore
163 919 294 980 sunt'vel
311 932 464 1003 aguntum«
491 920 585 980 Hand.
605 920 732 982 Tursell.
752 921 819 980 Vol.
843 923 889 980 ΙΙΙ.
911 945 939 1002 p.
959 914 1039 981 436ζΙ
1056 919 1148 981 Tacit.

63 1000 146 1058 Ann.
172 1000 254 1073 XlV,
281 1007 329 1060 53.
365 1002 441 1062 adeo
471 1012 504 1061 ut
536 1006 706 1084 plerumque
735 1007 816 1062 intra
851 1025 897 1061 me
936 1007 997 1083 ipse
1028 1004 1148 1062 uoluam.

63 1080 143 1140 Plin.
165 1080 202 1140 H.
219 1083 255 1142 N.
272 1084 324 1158 lX,
344 1087 395 1159 51,
419 1089 466 1143 75.
492 1087 580 1165 picae
604 1085 780 1144 meditantes
807 1088 888 1143 intra
908 1094 1009 1144 semet.
1050 1083 1149 1159 Quin-

52 1161 108 1245 ,tit
142 1163 195 1238 ΙΙΙ,
225 1169 255 1239 3,
282 1170 310 1223 2.
347 1185 439 1246 neque
473 1168 536 1223 tdm
568 1165 675 1245 refert,
711 1167 813 1245 qualia
841 1171 915 1239 sint,
954 1186 1031 1248 quae
1067 1170 1150 1225 intra

64 1254 182 1302 nosmet
207 1248 286 1326 ipsos
314 1250 542 1328 composuimus,
579 1269 668 1329 quam
695 1248 838 1327 quomado
873 1245 1049 1329 afferantur.
1090 1248 1148 1309 Va

64 1322 203 1384 Bonnell.
222 1328 292 1386 Lex.
312 1327 416 1402 Quint.
440 1350 463 1388 s.
485 1352 512 1388 v.
960 1328 963 1333 ’

150 1434 304 1484 maturare
326 1428 395 1487 libri
421 1427 507 1486 leuius
535 1426 691 1486 editionem
710 1425 841 1508 festino]
877 1429 897 1486 Ι.
922 1447 946 1487 e.
969 1427 1004 1486 ad
1025 1424 1148 1487 maturi-

63 1515 156 1564 tatem
185 1507 380 1586 perducere,
401 1504 515 1567 mature
541 1508 692 1586 perlicere.
737 1508 784 1568 De
816 1520 955 1569 struatur.
989 1531 1035 1568 vv.
1057 1507 1149 1586 sesti-

64 1607 141 1645 nare
149 1630 160 1660 ,
191 1598 345 1648 maturare
373 1601 428 1649 etc.
455 1590 502 1649 vd.
532 1589 615 1650 Cart.
638 1590 673 1649 ad
698 1589 815 1649 Sallust.
847 1593 907 1672 lug.
931 1595 978 1648 79.
1009 1601 1147 1650 matura·
1184 1652 1187 1661 ,

65 1688 133 1726 aere
152 1670 210 1727 iter
230 1691 362 1751 pergere.
389 1668 463 1731 Pli'u.
488 1672 562 1752 Epp.
585 1672 623 1744 X,
641 1676 666 1729 l.
685 1676 710 1729 l.
745 1670 801 1730 Dii
819 1673 1002 1730 immortales
1015 1669 1147 1749 festina·

65 1759 170 1808 cerunt
193 1753 313 1811 virtutes
334 1762 403 1812 tuas
423 1753 466 1812 ad
483 1752 685 1828 gubernacula
700 1755 747 1810 rei
760 1753 916 1832 publicae,
937 1773 1026 1830 quam
1047 1773 1148 1812 susce-

61 1851 173 1912 peras,
192 1833 363 1915 admouere.
408 1834 512 1910 Quint.
527 1836 577 1892 Vl.
593 1834 728 1893 Prooem.
752 1838 798 1892 10.
820 1834 955 1892 occidere
966 1833 1148 1912 festinatam

64 1916 281 1973 maturitatem.
322 1915 369 1975 De
390 1915 476 1975 discr.
495 1938 543 1976 vv.
563 1913 728 1994 festinare,
754 1937 918 1995 properare
939 1927 969 1988 et
991 1925 1148 1975 maturare

64 1993 102 2054 cf.
123 1994 265 2059 Doederl.
284 1997 346 2056 Lat.
366 1998 440 2082 Syn.
462 1996 529 2057 Vol.
545 1999 579 2056 ΙΙ.
601 2019 630 2078 p.
652 2001 708 2058 131
729 2018 772 2075 sq.

136 2103 183 2152 -ut
203 2093 326 2153 dimissa
343 2097 443 2175 priore
464 2114 538 2153 cura
560 2115 652 2154 novae
680 2097 855 2168 cogitationi
880 2104 941 2153 toto
959 2105 1080 2177 pectore
1100 2098 1148 2156 in·

65 2174 222 2256 cumbam]
265 2176 345 2235 Cura
367 2187 412 2235 est
435 2197 530 2256 opus,
561 2176 641 2256 quod
664 2197 729 2235 curn
751 2197 820 2236 cura
840 2177 893 2250 fit,
915 2175 1005 2250 liber,
1039 2177 1146 2253 oratio,

62 2277 190 2337 poema,
218 2255 339 2332 Arbeit,
369 2257 607 2332 Ausarbeitung:
635 2256 683 2316 vd.
713 2257 827 2340 Dialog.
859 2280 903 2338 cp.
932 2263 959 2316 6.
996 2257 1073 2317 Ann.
1095 2261 1146 2336 ΙΙΙ,

62 2340 114 2399 24.
136 2338 189 2414 lV,
210 2343 239 2398 2.
263 2342 309 2398 11.
340 2339 486 2399 Boettich.
507 2340 575 2399 Lex.
593 2339 661 2398 Tac.
680 2360 702 2397 s.
716 2361 743 2398 v.
760 2336 850 2399 ttoth.
876 2339 911 2397 ad
930 2339 1021 2399 Tacit.
1044 2339 1144 2422 Agrie.

62 2438 100 2561 ἱ,
123 2423 211 2495 126.,
240 2419 292 2479 ubi
319 2419 373 2480 alia
399 2421 529 2502 exempla
555 2419 752 2503 metonymiae
781 2419 856 2499 apud
886 2419 978 2479 Tacit.
1017 2420 1145 2504 collegit.

91 2521 128 2560 tc.
150 2499 235 2582 Disp.
256 2501 344 2561 Tusc.
366 2504 405 2578 V,
426 2505 479 2575 24,
500 2506 547 2560 69.
575 2500 691 2560 Kuehn.
711 2521 801 2559 eatae
823 2511 892 2559 sunt
913 2501 1076 2561 litterarum
1097 2524 1146 2562 ar-

61 2579 140 2643 tium
182 2603 198 2642 e
234 2583 338 2643 studia.
366 2617 405 2633 -
451 2582 625 2642 incumbere
652 2602 676 2641 c.
704 2580 791 2667 datiy.
827 2581 967 2640 usitatum
1000 2593 1046 2641 est
1081 2582 1144 2662 (vd.

64 2662 173 2738 Quint.
191 2664 246 2739 tx,
268 2669 299 2738 3,
321 2661 363 2742 1.)
388 2662 584 2744 scriptoribus
605 2684 637 2723 ar
658 2673 760 2723 enteae
785 2661 885 2724 aetatis
907 2675 1024 2742 praeter
1045 2662 1144 2740 Quin-

62 2742 198 2804 tilianum
226 2745 278 2825 (ΙΙ,
301 2751 331 2822 8,
360 2751 406 2806 13.
435 2748 500 2821 Vll,
528 2751 559 2820 2,
588 2685 662 2827 335.
702 2744 777 2804 Plin.
799 2746 960 2825 Epp..Vll,
981 2751 1031 2819 22,
1054 2751 1081 2804 9.
1103 2778 1144 2793 -

62 2846 169 2885 rursm
189 2846 225 2884 ue
242 2829 322 2891 ,ceris
343 2837 372 2886 et
391 2830 459 2887 stilo
479 2826 627 2886 incumbit.
667 2824 743 2885 Cum
763 2825 792 2885 h.
816 2826 834 2885 Ι.
858 2826 1052 2887 conserendae
1072 2836 1145 2893 sunt

61 2849 209 2967 formiae
229 2907 345 2968 dicendi
363 2909 440 2989 apud
460 2907 521 2970 Cic.
544 2910 618 2989 Epp.
639 2909 674 2967 ad
694 2909 772 2967 Fam.
793 2908 831 2983 Χ,
856 2912 905 2983 10,
928 2914 955 2981 6.
978 2910 1145 2969 incumbere

63 2998 128 3048 toto
145 2998 266 3069 pectore
287 2989 331 3048 ad
348 2991 486 3066 laudem,
513 2989 551 3049 ib.
573 2992 612 3063 X,
636 2996 663 3063 l,
685 2993 712 3050 4.
742 2994 771 3047 in
788 3012 861 3071 ¹rem
882 2991 1032 3071 publicam
1064 2992 1146 3050 omni

62 3073 246 3144 cogitatione
264 3091 408 3150 curaque,
429 3072 503 3153 Epp.
528 3072 564 3131 ad
582 3071 673 3131 Attia.
690 3073 841 3147 XVl,-10,
861 3079 890 3132 2.
912 3082 977 3131 tota
997 3081 1092 3131 mente
1112 3075 1144 3130 in

60 3171 177 3210 curam.

113 3300 121 3306 ,
148 3236 450 3294 omissis-orationum
472 3244 502 3293 et
522 3255 683 3295 causarum
702 3233 826 3317 studiis]
845 3232 919 3296 Cod.
934 3235 1020 3294 Fam.
1035 3252 1052 3293 e
1069 3234 1144 3294 eon-¹

54 3312 176 3374 'iectura
203 3314 283 3397 Lips.
307 3314 387 3376 Pieh.
417 3317 554 3376 Gronov.
581 3314 652 3376 Ero.
679 3317 795 3378 Schola.
823 3317 913 3377 Beltk.
937 3316 972 3375 al.
1001 3336 1142 3376 cararum

64 3393 160 3456 coda
180 3397 244 3456 Par.
264 3397 353 3457 Viud.
378 3409 451 3458 uett.
471 3399 544 3458 Edd.
563 3399 679 3458 Dronlt.
701 3400 812 3460 Osann.
834 3399 1025 3479 orotttop.
1046 3398 1140 3457 Haud.

62 3477 296 3538 Turs.v0t.1t.
327 3502 356 3561 p.
377 3484 425 3538 67.
470 3480 566 3539 Caras
590 3481 736 3561 accipiunt
759 3481 824 3562 Bip.
854 3481 890 3540 de
918 3480 997 3540 cums
1026 3479 1144 3559 patroni

62 3580 236 3636 causarum,
257 3582 330 3641 quae
350 3581 418 3621 mox
442 3560 576 3621 dieantur
595 3563 821 3632 advocationem
849 3561 962 3622 Dronk.
982 3561 1020 3619 de
1041 3560 1145 3635 rebus,

63 3639 93 3700 in
116 3640 223 3720 quibus
249 3642 368 3702 solliciti
389 3663 454 3702 esse
475 3643 629 3703 debeamus
650 3655 680 3702 et
708 3665 782 3722 quae
800 3655 932 3703 nostram
953 3645 1050 3703 euram
1073 3660 1142 3700 exa-

63 3722 176 3804 gitent3
207 3723 318 3783 Osann.
339 3725 487 3802 ethoett.
515 3724 546 3784 in
567 3725 637 3783 Lex.
656 3725 747 3785 Tacit.
776 3748 799 3784 s.
819 3747 847 3784 v.
875 3724 912 3784 de
941 3722 1084 3794 clientelis
1111 3733 1144 3782 et·

63 3803 162 3863 omnis
180 3804 298 3900 generis
317 3806 489 3866 muneribus
509 3807 556 3866 vel
575 3805 724 3866 laboribus
752 3806 875 3866 aliorum
897 3805 1052 3867 commodo
1074 3826 1143 3864 sus·

63 3886 223 3966 cipiend1s3
255 3885 346 3947 Orcll.
368 3888 405 3947 de
426 3887 636 3968 scriptionibus
667 3887 885 3961 severioribus,
916 3887 1061 3968 oppositis
1083 3908 1141 3946 nn-

62 3967 108 4049 gis
128 3965 263 4047 poeticis.
310 3968 379 4028 Sola
406 3968 555 4048 probanda
583 3981 629 4029 est
648 3968 713 4027 lect.
735 3990 913 4045 causarum,
945 3969 993 4028 cui
1007 3969 1141 4050 patroci-

62 4061 173 4108 nantur
193 4069 244 4122 ea,
265 4071 338 4127 quae
358 4072 418 4130 cap.
441 4055 487 4109 10.
527 4051 610 4132 Aper
630 4050 761 4130 profert,
787 4062 822 4109 ut
842 4052 1007 4111 Maternum
1029 4053 1140 4112 omisso

63 4131 164 4190 studio
191 4130 292 4211 poesis
321 4130 356 4190 ah
384 4131 538 4194 auditoriis
562 4145 595 4195 et
612 4131 750 4195 theatris*
763 4131 795 4194 iu
814 4133 914 4195 lorum
935 4147 969 4196 et·
985 4135 1021 4194 ad
1041 4154 1141 4196 eausam

63 4212 149 4275 et-'ad
167 4231 239 4275 vera
256 4212 370 4294 proelia
385 4224 481 4275 socen
573 4246 578 4255 ·
628 4255 631 4259 ·
1082 4244 1085 4249 ·
