2634 4656
74 309 78 322 ,
123 251 187 312 260
442 240 597 330 Dialogus
621 249 658 307 de
683 245 865 309 Oratoribus
887 204 896 217 =
938 273 946 292 u

123 397 484 504 comperendinationes
505 418 616 493 erant,
641 417 673 473 et
694 396 829 472 mollum
847 397 989 474 denudo
1011 397 1076 472 sibi
1093 399 1186 500 quia

123 529 197 603 que,
213 500 401 591 sumebat,
415 515 448 574 et
468 527 627 574 numerus
652 527 760 600 neque
787 498 915 619 dierum
939 526 1050 599 neque
1073 517 1187 600 patro-

81 698 84 704 ·
122 671 229 746 latum,
253 692 343 751 quum
365 668 521 752 Pompeius
545 681 658 732 tantum
680 669 793 730 dicatur
813 679 928 750 tempus
947 665 1114 731 {uindiciis
1141 668 1220 730 diff

35 752 37 758 '
122 752 208 814 cendi
224 751 401 814 astdnxisse.
440 751 518 813 Hinc
533 765 618 814 ortae
639 764 710 813 suut
727 751 883 812 formulae:
905 751 1073 834 clepsydras
1085 761 1187 834 petere

123 869 162 883 -·
187 836 276 910 dare,
303 854 412 917 apuam
440 834 513 894 dare
533 868 576 913 ···.
596 837 745 917 postulare
771 833 845 894 Plin.
871 834 944 915 Epp.
964 836 1015 907 vt,
1035 841 1067 911 2,
1088 839 1185 915 5sq.;

121 918 286 1001 clepsydras
304 920 434 999 accipere
452 919 678 998 spatiosissimas
696 917 813 992 11‚11.,
831 915 910 976 unde
931 926 1054 997 apparet¹
1068 915 1188 1004 clepsy-

123 1000 191 1071 dras
217 998 347 1060 diversae
373 1019 525 1059 mensurae
549 999 656 1070 luisse;
742 1019 792 1070 am
809 997 932 1080 perdere
953 997 1056 1073 Quint.¹
1077 1000 1133 1074 Xl,
1154 1003 1187 1075 3,

51 1082 54 1087 ’
123 1087 192 1156 52.,
214 1100 294 1163 apua
315 1079 488 1161 deficitXll,
504 1087 534 1154 6,
549 1086 578 1141 5.
618 1019 803 1141 Sedailihoc
821 1099 944 1139 nurnero
963 1079 1028 1162 lege
1047 1079 1188 1162 Pompeis

122 1161 246 1225 definito
264 1160 319 1222 sub
340 1163 562 1243 imperatoribus
582 1183 790 1242 nonnunquam
818 1183 882 1222 esse
909 1161 1049 1222 descitum
1068 1173 1100 1222 et
1120 1160 1187 1242 pln-

122 1264 171 1306 res
191 1244 278 1319 boras
305 1243 413 1326 insigni
437 1244 521 1305 alicui
542 1244 654 1306 oratori
680 1264 831 1306 concessas
854 1242 1028 1325 intelligitur
1054 1265 1092 1304 ex
1112 1244 1186 1326 Epp.

117 1326 197 1388 Plin.
225 1328 262 1401 ΙΙ,
284 1330 333 1399 11,
355 1330 401 1387 14.
433 1347 458 1386 c.
485 1339 583 1388 annot.
612 1327 693 1387 Gier.
722 1326 788 1385 dimi
813 1327 893 1385 boris
922 1332 1017 1407 poeria
1044 1330 1186 1410 quinques

123 1429 191 1469 nam
212 1409 279 1469 ΧΠ.
301 1407 475 1491 clepsydris,
495 1431 569 1490 quas
586 1411 815 1490 spatiosissimas
834 1427 1023 1489 acceperam,
1042 1420 1111 1469 suut
1129 1408 1186 1468 ad-

123 1492 204 1553 ditae
228 1500 373 1573 quattuor.
400 1491 452 1566 lV,
479 1496 510 1566 9,
537 1497 564 1552 9.
606 1490 737 1566 Egeram
764 1491 844 1550 boris
870 1489 962 1570 tribus
990 1500 1020 1549 et
1044 1489 1185 1564 dimidia;

123 1583 277 1655 superorat
291 1573 467 1655 sesquibora.
509 1574 589 1637 Nam
609 1595 696 1653 quum
717 1593 734 1632 e
754 1574 816 1648 lego
836 1581 991 1633 aecusator
1008 1592 1063 1642 sen
1082 1573 1185 1649 boras,

123 1676 224 1716 rrooem
243 1676 311 1717 reus
330 1660 506 1736 accepisset:
532 1660 577 1716 ita
597 1655 736 1716 diuiserat
763 1664 875 1734 tempus
900 1674 967 1714 reus
986 1657 1063 1714 inter
1090 1675 1137 1715 me
1157 1664 1186 1715 et

124 1759 210 1812 eunt,
235 1740 284 1820 qui
306 1738 434 1797 dicturus
450 1746 620 1819 posterae,
648 1747 680 1797 nt
699 1757 752 1812 ego
780 1740 901 1818 quinque
921 1737 1019 1812 horis,
1045 1739 1096 1797 ille
1115 1738 1201 1797 reli--

122 1824 187 1902 puis
214 1830 350 1879 uteretur.
391 1822 424 1879 ln
452 1820 625 1880 declamandi
644 1839 761 1899 quoque
787 1816 1042 1880 exercitationibus
1063 1819 1186 1880 iuvenes

122 1901 158 1963 ad
183 1900 363 2042 {lepsydmm
390 1901 530 1962 dicebant.
555 1902 602 1962 vd.
631 1900 692 1963 cic.
719 1901 807 1960 Tusc.
827 1902 864 1976 ll,
884 1907 935 1976 27,
956 1907 1003 1961 67.
1034 1923 1059 1962 c.
1086 1913 1185 1963 annot.

120 1984 184 2044 Kue
206 2004 235 2042 n.
1177 2030 1183 2035 -

203 2066 312 2124 liberae
325 2067 637 2146 comperendinationes
651 2063 752 2147 erant]
778 2065 1050 2145 Comperendinatio
1070 2076 1117 2125 cst
1130 2084 1185 2124 vo-

122 2145 255 2207 cabulum
265 2147 394 2220 forense,
414 2148 492 2226 quud
508 2147 650 2228 significat
662 2147 828 2221 dilationem
839 2147 880 2208 rei
891 2146 937 2208 vel
948 2169 1060 2222 causae,
1082 2145 1119 2207 de
1130 2167 1186 2228 qua

95 2277 100 2282 .
124 2228 279 2309 agebatur,
300 2226 330 2287 in
354 2228 427 2288 ‹licm
448 2228 567 2288 tertium
585 2229 646 2288 sive
660 2229 847 2309 perendinum
867 2227 943 2368 pCic.
958 2250 1001 2288 or.
1012 2252 1057 2311 pr.
1070 2229 1186 2289 llluren.

126 2308 197 2390 12).
231 2310 289 2370 Sed
301 2311 457 2370 utebantur
467 2310 596 2370 Romani
607 2331 723 2391 quoque
737 2310 765 2370 b.
780 2312 857 2384 u.‚de
883 2311 1005 2392 ongiore
1015 2333 1096 2371 mora
1108 2311 1185 2372 iuter

123 2392 248 2474 primum
267 2403 297 2453 et
317 2393 475 2452 secundum
501 2391 638 2452 iudicium
658 2393 837 2474 interposita.
858 2394 905 2453 vd.
926 2391 986 2454 Cic.
999 2397 1093 2466 [Vere.
1114 2395 1135 2466 l,
1155 2399 1182 2453 t.

124 2477 176 2548 lv,
195 2479 241 2534 15.
279 2474 344 2535 Atia
365 2487 426 2535 erat
444 2470 474 2534 in
486 2475 605 2556 privatis
622 2475 727 2552 causis,
751 2476 775 2535 si
789 2475 905 2555 utrique
919 2475 1078 2559 litigantes,
1100 2485 1184 2557 post·

95 2584 99 2591 ’
125 2578 242 2638 eaquam
261 2557 347 2618 iudex
366 2558 449 2617 datus
473 2569 566 2631 esset,
596 2557 850 2638 comperbndinnm
871 2557 963 2632 diem,
994 2569 1029 2618 ut
1050 2557 1086 2617 ad
1100 2556 1184 2624 ,iudi-

113 2658 186 2698 tcem
207 2638 359 2714 venirent,
382 2639 591 2699 denunciabant
611 2641 657 2700 ud.
678 2639 744 2701 Gaii
762 2641 832 2699 lust.
853 2641 904 2715 lV,
929 2645 974 2700 15.
1015 2639 1183 2720 ApudMa·

125 2719 206 2781 crob.
225 2721 284 2781 sar.
306 2723 328 2795 l,
353 2725 398 2781 15.
425 2723 639 2803 comperemlini
663 2722 725 2782 dies
752 2732 835 2798 sunt,
848 2722 962 2804 ¹quilms
989 2723 1183 2802 uadimonium

126 2803 224 2862 dicere
243 2803 325 2877 lieet,
345 2801 364 2861 i.
385 2825 409 2863 e.
426 2803 455 2862 in
479 2825 553 2884 qnos
574 2804 732 2867 transferre
754 2803 822 2865 licet
842 2825 942 2884 capsae
966 2805 1118 2864 actionem.
1149 2805 1182 2864 ln

124 2882 249 2966 publicis
274 2885 366 2946 causis
395 2887 657 2968 retorperendinatio'
684 2897 761 2962 erat,
788 2907 843 2965 qua
862 2899 931 2966 post
950 2886 1071 2967 primam
1091 2885 1183 2946 actio-

125 2986 192 3042 nem
212 2987 264 3026 reo
279 2979 309 3027 et
327 2968 486 3029 accusatori
505 2967 603 3027 dilatio
623 2990 723 3029 causae
736 2969 766 3028 in
782 2969 935 3028 secundam
948 2968 1092 3029 actionem
1111 2988 1182 3028 con-

125 3047 297 3124 cedebatur,
317 3048 348 3108 in
369 3072 424 3128 quaa
445 3063 543 3109 ntmm
565 3062 762 3131 accusatoran
783 3071 851 3110 reus
871 3050 970 3131 priore
990 3050 1058 3111 loco
1078 3049 1183 3111 dixerit

125 3129 268 3192 incertum
285 3128 342 3210 'est
382 3132 459 3214 Lege
479 3133 595 3192 Servilii
614 3132 751 3193 Glauciae
765 3132 837 3193 trib.
849 3141 851 3145 ’
862 3131 955 3214 plebis
975 3131 1046 3193 haec
1064 3153 1183 3214 compe-

124 3213 288 3273 rendinatio
309 3213 433 3295 legitima
452 3212 528 3290 suit,
554 3227 620 3275 ante
639 3236 724 3296 qnam
749 3226 800 3274 aut
824 3214 919 3289 statim
940 3213 1084 3275 sententia
1104 3214 1182 3275 dice-

124 3294 227 3370 batur,
255 3295 283 3355 si
301 3295 493 3357 absolvendus
513 3309 591 3357 esset
609 3319 692 3372 reus,
715 3308 764 3357 aut
784 3299 907 3378 amplius
926 3295 1184 3378 pronunciabatur,

125 3377 151 3438 si
170 3376 320 3438 videretur
337 3398 400 3437 esse
420 3378 614 3455 damnandus,
643 3401 731 3460 quum
754 3379 894 3440 dixissent
916 3379 1025 3440 iudices
1047 3379 1079 3438 in
1099 3398 1184 3441 causa

124 3458 250 3520 obscura
268 3481 324 3530 non
342 3462 446 3543 liquet,
472 3483 545 3542 qnae
564 3473 626 3521 erat
645 3463 805 3544 ampliatio.
845 3462 900 3521 vel.
917 3461 1133 3523 Pseudoascon.
1151 3459 1184 3522 ia

125 3540 186 3610 Cic.
206 3543 289 3601 l'err.
311 3543 345 3614 ll,
371 3548 397 3617 1,
417 3548 447 3617 9,
466 3549 528 3603 26.
552 3544 613 3604 lud.
632 3544 721 3627 lnegg.
748 3543 779 3602 in
806 3541 957 3604 Onomast.
982 3534 1061 3603 Tull.
1080 3545 1114 3605 P.
1134 3544 1183 3603 111.

148 3631 234 3684 ,270
252 3646 293 3703 sq.
329 3622 423 3686 Beier.
450 3625 484 3684 ad
510 3623 570 3686 Cic.
592 3637 677 3686 oratt.
704 3647 747 3707 pr.
766 3624 844 3685 Tull.
865 3637 918 3686 etc.
944 3648 973 3707 p.
995 3630 1063 3685 180.
1096 3626 1182 3687 Rein.

125 3646 228 3766 linem
254 3707 376 3767 Privatr.
400 3730 428 3788 p.
448 3712 508 3767 459
522 3729 565 3787 sq.
612 3705 973 3789 Comperendinationum,
1000 3728 1074 3787 quae
1100 3719 1183 3781 autea

123 3786 230 3848 liberae
249 3800 347 3858 erant,
368 3786 489 3870 spatium
510 3803 540 3849 et
555 3810 706 3850 nnmerum
725 3801 827 3871 postea
846 3789 1097 3872 circumscriptum
1118 3809 1182 3851 esse

122 3880 201 3951 patet
220 3889 255 3930 er
276 3871 348 3930 Plin.
368 3873 513 3953 llpp..Vl,
535 3879 563 3945 2,
587 3880 613 3932 6.

200 3963 229 4029 et
249 3954 363 4013 modurn
385 3954 503 4014 dicendo
525 3956 582 4014 sibi
600 3959 715 4037 quisque
734 3950 883 4035 sumebat]
903 3953 928 4011 E
948 3950 1021 4013 Cod.
1034 3955 1119 4014 Farn.
1134 3975 1182 4017 re-

52 4081 54 4085 .
121 4031 184 4115 cepi
200 4034 321 4094 dicendo
342 4059 386 4117 pr.
402 4036 480 4119 vulg.
502 4036 617 4096 dicendi
635 4059 699 4098 cum
718 4037 838 4113 Baebio,
859 4036 908 4116 qui
926 4035 1042 4115 quidem
1056 4036 1091 4096 ad
1105 4035 1182 4097 Anu.

119 4120 157 4190 ll,
179 4119 226 4177 46.
252 4138 336 4176 usum
359 4119 444 4178 dativi
459 4110 567 4178 'Tacito
589 4141 643 4201 pro
663 4119 792 4201 genitivo
812 4117 1063 4178 santiliarissimnm
1084 4117 1182 4179 multis

4 4270 8 4277 ,
113 4198 253 4281 exemplis
267 4199 404 4280 illustrat,
425 4201 475 4262 scd
487 4213 580 4263 tamen
595 4203 701 4264 rectius
717 4192 830 4262 laudare
841 4200 1182 4286 poteratBoetticbdex.
