2634 4656
7 213 20 239 ⁸
116 270 159 339 rs
431 270 589 354 prorogas
611 272 649 333 n
673 271 858 335 oreos-aas
939 288 942 293 ·
1023 228 1061 305 ⁸
1162 220 1170 231 ⁸

115 424 379 514 causidicorum,
406 423 466 499 sed
482 424 621 526 Orphea
644 440 676 500 et
699 424 840 515 Linum,
865 427 1194 531 acsi-introspicere

108 525 226 613 altius·
240 522 338 611 velis,
372 526 484 625 ipsum
506 525 695 624 Apollinem
721 527 919 627 accepimus.
969 528 1032 602 Vel
1057 530 1088 603 si
1110 530 1194 623 haec

116 621 271 699 lahnlosa
295 624 395 697 nimis
420 641 453 696 et
478 625 661 725 composita
686 624 873 714 videntur,
894 625 978 699 illud
1004 645 1093 701 certe
1111 626 1193 701 mihi
1221 642 1224 653 '

115 723 292 811 concedis,
317 725 428 824 Aper,
453 752 523 797 non
548 723 711 796 minorem
737 721 896 817 honorem
922 727 1072 799 Homero
1093 754 1218 826 quam‘

113 821 332 899 Demostheni
358 824 450 923 apud
475 839 648 923 posteros,
680 850 744 896 nec
768 824 1019 920 angustioribus
1042 825 1193 917 terminis

114 922 237 997 samam
261 921 437 1023 Euripidis
465 940 522 997 aut
555 920 732 1022 Sophoclis
759 950 859 1023 quam
889 924 1010 1026 Lysiae
1035 942 1098 998 aut
1123 924 1194 1030 Hp·

113 1112 188 1155 ιη...
216 1092 248 1151 11.
271 1098 302 1167 2,
318 1096 392 1151 roe..
407 1094 438 1166 4,
452 1093 521 1151 tao.
543 1091 577 1151 a.
598 1095 718 1167 ssaatldes·
737 1100 805 1171 opor
818 1091 937 1155 rinnai.
959 1079 1048 1178 ry‘n.
1069 1101 1108 1169 v,
1127 1098 1192 1156 rat.

98 1174 238 1236 'Hesiod
258 1174 372 1255 Theog.
393 1176 432 1234 94
453 1195 496 1254 sq.
535 1177 586 1233 ’Ee
603 1179 655 1252 γὰρ
675 1177 811 1235 Moundou
838 1186 883 1235 rut
907 1179 1038 1251 ἑκηβόλου
1058 1177 1194 1238 ’Audita-

115 1282 161 1325 ror
175 1255 286 1348 ”Ardpec
304 1258 393 1315 oioedm
412 1262 487 1315 ἔασιν
506 1261 550 1315 dni
561 1258 653 1327 χθόνα
673 1268 717 1317 nul
736 1264 908 1335 κιθαρισταί,
932 1260 989 1317 Ἕκ
1002 1264 1037 1321 tt
1058 1263 1194 1337 Ardetln·

114 1343 211 1407 ati'er·
294 1376 297 1387 ·
949 1398 952 1403 .
1017 1402 1020 1407 .
1096 1402 1099 1407 .

158 1366 175 1411 n
197 1419 317 1499 Orphea
339 1426 368 1476 et
387 1417 504 1495 Linum]
533 1418 666 1498 Orpheus
686 1429 715 1477 et
729 1419 821 1478 Linus
841 1418 1096 1502 coniungantur-,a
1110 1421 1194 1505 virg.

114 1500 178 1561 Ecl.
199 1508 230 1574 8,
252 1505 300 1559 55.
339 1499 407 1560 Non
428 1520 474 1557 me
501 1501 677 1559 carminibus
703 1503 796 1560 oineet
819 1520 872 1561 nea
896 1502 1037 1565 Thracius
1059 1503 1194 1585 Orpheus

114 1583 178 1647 Nee
205 1582 313 1649 Linus‚·
343 1600 359 1640 a
388 1579 493 1654 Quint.
520 1584 544 1656 l,
568 1585 616 1656 10,
638 1586 666 1640 9.
716 1581 849 1663 Orpheus
875 1593 904 1642 et
931 1584 1055 1658 Linus„
1070 1608 1192 1666 quorum

116 1674 270 1747 utrumque
291 1662 347 1723 diis
370 1665 501 1737 genitum
521 1696 557 1707 -
584 1666 769 1743 posteritatis
789 1667 948 1731 memoriae
968 1666 1114 1727 traditam
1141 1676 1194 1729 est.

91 1810 94 1819 ,
116 1743 163 1809 Cf.
184 1746 223 1805 G.
245 1744 282 1802 H.
304 1743 387 1803 Bode
408 1743 444 1803 de
461 1742 584 1823 Orpheo
603 1756 757 1824 poetarum
778 1738 960 1805 Graecorum
977 1747 1193 1829 antiquissimo.

116 1826 254 1907 Gotting.
275 1828 362 1885 1824.
383 1826 413 1884 4.
446 1824 583 1885 Klausen.
603 1825 634 1884 in
654 1825 768 1885 Erech:
787 1837 817 1887 ct
845 1826 939 1887 Grub.
959 1828 1123 1911 Encyclop.
1144 1834 1193 1891 ttt

117 1910 197 1969 Sect.
217 1908 248 1966 Ρ.
270 1910 318 1965 Vl.
360 1911 415 1965 .9.
453 1903 630 1966 Ambrosch.
659 1908 695 1967 de
722 1906 807 1967 Lino.
834 1907 933 1967 Berol.
964 1912 1051 1969 1829.
1080 1913 1126 1985 4.;
1157 1912 1194 1981 (ic
1225 1966 1229 1973 .

113 2000 244 2068 utroque
262 1929 424 2048 Bernhard.
445 1986 577 2047 Grundr.
597 1988 624 2046 d.
646 1987 764 2048 Griech.
785 1988 842 2048 Lit.
863 1988 930 2049 Vol.
951 1990 973 2047 Ι.
992 2011 1022 2071 p.
1045 1992 1106 2052 169
1127 2014 1173 2089 sip

196 2090 233 2129 aa
251 2073 278 2128 si
295 2071 485 2150 introspicere
501 2070 592 2127 altius
613 2070 692 2147 nelis]
714 2072 735 2130 1.
752 2091 777 2129 e.
790 2082 925 2151 repetere
938 2091 953 2128 a
968 2071 1072 2150 primis
1087 2071 1192 2153 initias,

114 2164 152 2214 nt
171 2163 252 2215 recte
272 2150 396 2231 explicat
413 2148 529 2208 Schnle.
549 2148 623 2208 Plio.
647 2151 721 2229 Epp.
742 2156 779 2225 V,
803 2157 850 2211 16.
879 2154 1022 2211 altissime
1040 2156 1193 2235 inspicere,

114 2237 206 2295 altius
225 2252 370 2311 exponere
391 2231 468 2289 Ana.
491 2233 629 2305 111,62.,
652 2231 795 2291 disserere
815 2237 865 2309 111,
890 2238 957 2311 25,
980 2235 1090 2295 altiore
1109 2238 1194 2299 initio
1233 2286 1238 2293 .

114 2326 247 2397 repetere
260 2317 297 2387 11,
317 2319 366 2373 27.
385 2310 530 2371 Boettich.
550 2311 619 2371 Lex.
640 2312 707 2372 Tac.
731 2334 753 2371 s.
773 2315 860 2374 altus.
1187 2386 1190 2391 Ι

198 2400 293 2476 ipsum
320 2392 486 2473 Apollinem
513 2394 692 2474 accepimus]
727 2394 938 2474 supplemento
956 2391 1054 2473 fuisse
1075 2416 1093 2457 a
1112 2396 1193 2481 Rnp.
1228 2470 1233 2475 ,

112 2476 270 2561 proposito
290 2497 352 2535 non
379 2495 454 2556 opus
478 2486 541 2551 est,
570 2496 661 2554 quum
679 2479 813 2557 accipere
832 2476 885 2536 hac
911 2476 1036 2559 signific.
1063 2477 1195 2577 elliptiec

136 2571 258 2620 anatur:
297 2555 358 2618 Cic.
381 2556 468 2616 Offic.
489 2560 527 2632 11,
549 2561 596 2615 13.
625 2566 658 2614 ut
684 2556 910 2616 Demosthenem
931 2562 1096 2639 occepimus
1120 2560 1194 2643 utiq.

113 2584 258 2721 iIeusing.
277 2641 364 2698 Verr.
383 2642 434 2712 lV,
456 2643 483 2695 8.
524 2637 697 2719 Eriphylam
718 2642 880 2718 accepimus
897 2642 927 2697 in
945 2636 1061 2715 fabulis
1077 2642 1121 2715 'eq
1141 2634 1195 2703 cta-⁹

111 2723 255 2805 piditate,
284 2729 316 2778 ut
336 2753 374 2767 -
395 2719 521 2776 salutern
542 2721 598 2776 oiri
612 2718 761 2797 proderet.
788 2719 893 2795 Quint.
911 2724 975 2797 ΧΗ,
999 2724 1029 2799 1,
1050 2724 1099 2783 14.
1126 2744 1195 2785 Μ-

114 2806 174 2865 lum
196 2804 288 2858 uirum
307 2795 568 2879 (Demosthenem)
587 2803 761 2879 accepimus.
804 2834 808 2841 «
1177 2820 1180 2825 ·

183 2878 328 2961 sabulosa
348 2882 435 2939 nimis
458 2888 486 2937 et
504 2882 674 2958 composita]
707 2878 855 2945 Adverhia
872 2900 1085 2962 nonnunquam
1111 2884 1195 2949 adie-

114 2961 200 3025 ctivis
224 2971 460 3043 postponuntur,
488 2981 544 3039 qna
564 2959 759 3023 collocatione
786 2962 846 3021 vim
863 2963 1015 3045 quandam
1044 2964 1193 3029 adverbiis

115 3043 266 3106 conciliari
291 3054 371 3103 recte
401 3040 531 3103 ostendit
557 3042 703 3103 Goerena.
730 3044 766 3103 ad
793 3040 854 3104 Cic.
880 3043 965 3105 Finn.
987 3048 1114 3123 111,,12,
1141 3050 1219 3111 41.ι

113 3126 202 3195 huet.
223 3126 257 3186 ad
278 3125 408 3185 Herenn.
423 3127 475 3199 lV,
497 3128 542 3182 19.
562 3144 598 3183 ne
618 3144 759 3205 magnam
779 3126 865 3183 nimis
884 3128 915 3183 in
934 3146 987 3184 nos
1006 3122 1119 3187 hdheat
1138 3128 1195 3191 da-

114 3212 312 3268 minntionem.
335 3203 395 3266 Cic.
420 3204 680 3282 111οη11142,
704 3211 771 3267 178.
812 3204 1002 3265 Pluraenim
1025 3210 1119 3269 multo
1139 3211 1193 3273 ho-

114 3293 207 3350 mines
233 3288 366 3347 iudicant
390 3287 466 3346 odio.
491 3284 554 3346 Cat.
576 3288 616 3345 Μ.
637 3293 665 3347 2.
710 3287 814 3349 Nonne
840 3289 944 3346 melius
969 3288 1061 3347 multa
1081 3288 1195 3367 ficisset
1232 3296 1237 3305 “

113 3368 184 3448 tbtq.
207 3362 291 3429 Otto.
313 3366 417 3441 Quint.
438 3369 477 3441 X,
499 3371 528 3442 1,
549 3368 605 3427 67.
626 3369 772 3427 utiliorem
793 3369 878 3443 longe
898 3368 968 3448 ihiq.
987 3368 1109 3430 Herhst.
1130 3374 1193 3435 Xe·

111 3444 203 3533 thoph.
223 3448 306 3509 Hier.
330 3453 358 3523 1,
381 3454 408 3506 8.
437 3450 477 3509 du
503 3457 566 3525 peior
593 3455 661 3509 nolti
685 3456 867 3528 luppur'romur
894 3448 964 3529 ihiq'.
992 3451 1130 3511 Frottclt.
1150 3486 1194 3499 —

115 3532 286 3612 Composita
306 3528 326 3587 i.
347 3550 375 3609 q.
397 3530 480 3606 ficta,
508 3551 570 3590 non
589 3530 744 3613 ingeniose
765 3530 907 3604 conficta,
934 3542 970 3590 ut
989 3530 1054 3613 volt
1072 3532 1194 3595 Schola.

115 3612 223 3690 Quint.¹
242 3614 316 3670 vttl.
343 3631 475 3691 prooem.
495 3616 545 3672 23.
560 3610 642 3691 ficta
666 3626 754 3694 atque
781 3616 960 3695 composita,-
986 3612 1050 3687 Liv.
1068 3616 1119 3689 111,
1145 3620 1194 3677 10.

103 3694 214 3775 sabula
232 3696 402 3772 composita.
1123 3726 1126 3733 ·

68 3810 71 3817 ·
149 3770 153 3779 ¹
191 3777 299 3857 Lysiae
320 3784 373 3833 aut
394 3773 563 3857 Hyperidis]
584 3771 631 3832 Cf.
653 3772 793 3832 1111125.
826 3771 872 3834 De
891 3773 996 3855 Lysia,
1017 3786 1076 3835 nat.
1096 3774 1194 3838 Aehe-

113 3854 160 3916 nis
191 3857 239 3916 Ol.
261 3858 321 3933 80}
341 3853 425 3936 (458.
441 3877 464 3913 a.
484 3852 555 3934 Ch.)
581 3865 669 3912 mort.
691 3853 739 3913 0l.
764 3853 843 3933 100}
871 3852 956 3935 (378.
977 3875 1001 3913 a.
1022 3854 1094 3937 Ch.)
1102 3857 1195 3938 ,oui

112 3936 177 4017 ipse
201 3950 303 3997 orator
324 3957 385 3995 non
401 3934 534 4032 prodiit,
558 3935 610 3994 sed
631 3939 679 3992 33.
701 3947 788 3994 oratt.
807 3946 924 4014 praeter
941 3934 1044 4018 fragm.
1066 3938 1193 4000 aliorum

114 4018 148 4087 i'n
175 4037 262 4078 usum
294 4016 485 4097 conscripsit,
514 4015 550 4075 cl.
572 4017 795 4075 Westermann.
817 4016 924 4076 Gesch.
947 4016 974 4075 d.
1000 4018 1111 4101 griech.
1133 4020 1193 4081 Bc-

112 4096 269 4161 redtsamk.
289 4098 317 4180 ᾖ.
337 4099 386 4157 46.
407 4099 456 4156 47.
493 4097 526 4154 L.
548 4097 721 4158 Hoelseher.
747 4098 783 4159 de
810 4098 867 4156 vita
896 4109 926 4156 et
948 4100 1064 4180 scriptis
1085 4100 1193 4184 Lysiae

78 4220 82 4228 ·
114 4178 252 4242 oratoris.
273 4177 372 4241 Bcrol.
389 4183 477 4241 1837.
493 4184 521 4239 8.
543 4179 671 4255 Quintil.
685 4181 725 4257 X,
743 4184 772 4258 1,
790 4184 838 4239 78.
859 4176 920 4239 Cic.
940 4180 1025 4241 Brut.
1041 4190 1073 4258 9,
1086 4186 1136 4243 35.
1156 4182 1194 4243 de
