2634 4656
393 281 397 291 ·
453 252 534 334 Cap·
556 252 715 322 XXXIV.
750 315 753 321 ,
805 317 810 324 ,
1062 257 1138 319 ast.
1173 286 1176 293 ⁴

58 405 202 491 Crassus
229 403 264 477 C.
298 403 503 494 Carbonem,
536 405 793 501 unoetrigesimo
820 405 941 479 Caesar
959 407 1126 483 Dolabeb
1229 446 1232 465 .

56 503 144 594 lam,
168 503 270 583 altero
294 522 326 583 et
345 505 502 601 vigesimo
522 503 782 583 AsiniusPollio
805 504 1033 597 csscatonem,
1057 530 1125 582 non

55 693 115 755 pro
136 693 191 748 eo,
221 673 299 753 qnod
324 671 432 733 assolet
454 696 527 733 anus
547 674 639 743 solum
672 694 744 754 quae
764 672 847 735 notio
874 676 956 755 quasi
976 697 1030 756 per
1048 672 1127 737 autiss

55 755 157 815 thesin
177 776 281 815 rursus
301 755 504 836 complectitur
521 755 680 828 omnirilla
701 757 1045 838 oratorumdisoipulus,
1060 758 1128 838 sori
1147 789 1148 793 ¹

56 837 196 911 auditor,
230 846 360 895 sectator
392 837 571 899 iudiciorum.
595 832 598 837 ’
620 840 651 897 Ιιι
680 830 754 899 Cod.
784 833 869 899 Vind.
897 851 927 916 et
958 841 1031 900 Edd.
1045 853 1126 904 -ante

55 918 137 1000 Lips.
159 929 205 977 est
222 920 299 978 solus
320 922 420 980 statim
440 924 589 1002 unicuique
609 926 799 1000 cousen‘par.
1117 970 1119 977 .

140 999 336 1060 Nonodeeimo
364 1006 472 1060 aetatis
499 1024 575 1073 anno
601 1001 636 1061 L.
658 1001 781 1061 Crassus
810 999 841 1059 C.
863 1000 1040 1086 Carbonem]
1080 1002 1126 1069 Cf.

55 1076 133 1141 Dial.
157 1087 202 1140 18.
240 1082 344 1140 Narrat
365 1081 468 1143 Cicero
497 1080 633 1144 Crassum
656 1080 902 1143 adolescentulum
929 1098 1126 1151 accusatorem

57 1160 203 1226 Carbonis
223 1163 368 1222 exstitisse
389 1186 416 1222 v.
441 1166 522 1223 Brut.
540 1162 593 1236 bb,
618 1169 685 1237 159.
705 1164 791 1245 Ollio.
814 1166 848 1239 ll,
875 1171 920 1224 13.
943 1166 979 1226 de
1000 1167 1081 1228 Orat.
1102 1171 1125 1244 l,

58 1247 111 1318 10,
132 1246 179 1304 40.
200 1251 249 1318 26,
273 1250 356 1320 121,
378 1258 416 1327 ,et
436 1245 550 1326 quidem
574 1248 621 1320 ΙΙΙ,
644 1253 693 1331 26,
715 1250 772 1307 74.
791 1267 882 1305 annos
910 1260 1014 1325 natum⁴
1029 1272 1125 1325 ,unum

56 1337 88 1385 et
110 1324 228 1406 viginti,
250 1325 301 1384 nbi
316 1326 470 1386 Lambinus
490 1326 663 1409 astipulante
684 1327 774 1387 Orell.
799 1328 1125 1411 inann'ott.perpera11

56 1402 236 1483 undeuiginti
256 1407 363 1490 corrigi
392 1409 530 1484 malebat,
560 1432 649 1490 quum
666 1422 771 1486 'tamen
793 1407 929 1470 Ciceroni
957 1409 986 1470 in
1015 1413 1066 1472 bac
1093 1435 1125 1473 re
1185 1472 1187 1474 .

56 1488 152 1548 maior
175 1483 397 1549 auctoritassit
426 1491 578 1552 tribuenda
608 1513 692 1571 quam
726 1491 837 1551 Tacito.
885 1492 956 1551 Nam
977 1493 1011 1552 L.
1032 1494 1125 1554 Licin.

58 1568 185 1633 Crassus
211 1582 295 1629 natus
327 1577 393 1643 614.
415 1575 452 1631 U.
475 1571 508 1643 C.
551 1574 582 1633 C.
612 1572 782 1632 Carbonem.
799 1572 1126 1636 maiestatis-'accusavit
1184 1595 1189 1607 “

57 1657 127 1711 635.
156 1651 200 1712 Cf.
224 1651 414 1713 Henriebsen.
440 1654 474 1714 ad
495 1654 513 1712 Ι.
534 1653 552 1713 Ι.
580 1654 745 1733 Weichert.
775 1666 865 1735 poett.
887 1656 959 1715 Latt.
987 1656 1067 1736 reliq.
1096 1680 1125 1738 p.

58 1733 145 1807 109..
174 1733 223 1814 qui
247 1734 318 1793 banc
346 1735 555 1807 dissensionem
585 1735 787 1816 Tac.‚pariter
813 1757 845 1796 ae
873 1736 908 1795 de
930 1736 981 1796 lul.
1003 1735 1127 1799 Caesare

55 1813 162 1874 tribuit
181 1830 230 1875 aut
255 1816 348 1875 errori
376 1817 526 1898 scriptoris
543 1829 597 1893 aut
623 1817 741 1877 librario
763 1816 915 1877 oculorum
943 1819 1124 1881 aberratione

56 1895 159 1977 lapso,
189 1917 204 1954 a
233 1918 291 1975 quo
322 1897 444 1957 vitiosus
472 1921 609 1958 numerus
638 1898 731 1980 signis⁴
755 1909 817 1958 n'on
844 1899 940 1978 verbis
970 1901 1123 1980 expressus

54 1978 151 2038 textui
171 1977 209 2037 sit
227 1978 338 2050 illatus,
360 1982 471 2064 Meyer.
493 1993 576 2040 oratt.
593 1981 693 2062 fragm.
711 1986 738 2061 p'.
761 1984 828 2040 147.
847 1981 1066 2042 Westermann.
1085 1985 1123 2047 G.

56 2059 84 2119 d.
107 2081 130 2117 r.
151 2061 183 2118 B.
203 2059 231 2141 ξ.
252 2064 299 2120 49.
342 2060 470 2122 Ad'rem
499 2062 535 2121 ef.
557 2062 660 2139 Quint.
683 2064 747 2137 Xll,
769 2068 798 2138 6,
823 2066 847 2121 1.
873 2062 1006 2138 -Agendi
1025 2075 1124 2146 antem
1186 2103 1188 2107 ·

55 2145 170 2201 initium
192 2146 253 2200 sine
268 2141 359 2201 'dubio
381 2144 534 2204 seeundum
556 2148 629 2204 olres
643 2148 775 2227 cuiusque
789 2144 957 2205 sumendum
972 2157 1022 2206 est.
1047 2143 1124 2209 Nc-

55 2243 111 2306 que
130 2244 181 2298 ego
204 2245 294 2282 annos
316 2223 470 2302 definiams
490 2248 575 2310 quum
591 2227 814 2286 Demosthenem
829 2247 951 2306 puerum
965 2228 1123 2308 admodum

55 2309 188 2365 actiones
212 2306 372 2385 pupillares
399 2308 534 2368 babuisse
554 2307 735 2385 manifestum
764 2312 821 2376 sit;
850 2307 971 2382 Calvus,
1000 2309 1123 2387 Caesar,

55 2384 154 2447 Pollio
174 2389 294 2445 multum
314 2398 381 2446 onte
399 2386 594 2471 quaestoriam
615 2410 713 2447 omnes
734 2398 860 2448 aetatem
880 2393 1055 2464 grauissimo
1074 2395 1121 2450 iu·
1183 2396 1186 2401 ’
1244 2410 1251 2425 ·

36 2467 138 2526 'dicia
162 2473 338 2550 susceperint
346 2489 362 2537 ;‘
380 2481 585 2552 praetextatos
612 2475 703 2544 egisse
728 2470 868 2551 quosdam
897 2475 936 2530 sit
962 2472 1121 2543 traditumr

48 2549 172 2608 ⁴Caesar
190 2549 338 2624 Augustus
351 2551 507 2610 'duodecim
529 2562 615 2610 natus
634 2572 725 2610 annos
745 2554 840 2608 aviam
859 2573 914 2631 pro
936 2557 1039 2611 rostris
1056 2555 1120 2614 lau·
1193 2576 1196 2582 ’

57 2631 180 2690 daverit.
207 2633 279 2709 ‚sic
299 2631 408 2692 Plinius
431 2634 503 2715 Epp.
528 2636 564 2705 V,
583 2640 613 2708 8,
634 2639 661 2691 8.
683 2631 901 2713 undevigesimo
923 2633 1021 2695 aetatis
1043 2656 1120 2696 anno

57 2733 90 2775 se
111 2713 206 2773 dicere
226 2713 256 2772 in
273 2713 342 2772 ioro
365 2714 495 2795 coepisse
512 2726 617 2774 narrat.
656 2779 660 2787 ,
1098 2782 1100 2787 ,

136 2800 355 2870 unoetoigesimo
387 2797 499 2855 Caesar
532 2793 735 2878 Dolabellam]
777 2799 997 2870 unoetoigesimo
1027 2793 1119 2858 Codd.
1159 2813 1162 2818 ’

56 2877 143 2937 Facu.
170 2876 256 2935 Vind.
281 2889 350 2936 vett.
378 2874 450 2937 Edd.
480 2879 592 2937 Dronk.
622 2890 651 2938 et
680 2888 803 2938 reeentt.
829 2890 944 2958 praeter
971 2872 1060 2938 Belsk.
1088 2891 1119 2941 et
1230 2948 1232 2952 y

57 2959 168 3031 Boeo,
190 2951 240 3038 qii
260 2962 478 3019 unoetvicesimo
501 2959 637 3036 exhibent
653 2982 717 3019 eum
737 2960 880 3041 Bernegg.
901 2959 1023 3039 etreliq.
1045 2952 1118 3021 Edd.

57 3040 241 3100 Dolobellam
259 3039 351 3099 Codd.
364 3043 427 3100 Par.
444 3042 529 3100 Vind.
551 3053 620 3102 vett.
636 3043 708 3101 Edd.
724 3041 846 3117 Dronk,
867 3040 942 3101 sicut
962 3041 1043 3101 Vett.
1055 3044 1117 3102 Pat.
1154 3084 1157 3097 .

57 3124 162 3196 lato.
184 3122 226 3180 ed.
248 3122 352 3194 Oceli,
381 3124 564 3182 Dolabellam
585 3123 714 3204 Lips.··et
734 3145 831 3203 seqq.,
860 3144 932 3202 quae
954 3121 1014 3182 sola
1042 3125 1116 3184 scri·

56 3215 144 3285 ptura
162 3203 261 3282 probav
274 3215 367 3263 exstat
386 3204 416 3264 in
445 3206 570 3265 nummis
588 3217 663 3265 teste
683 3205 798 3266 Eckbel.
819 3205 952 3264 Doctriu.
974 3227 1051 3265 num.
1079 3196 1114 3266 T.

27 3312 30 3319 ·
56 3288 118 3344 lli.¹
144 3306 172 3364 p.
207 3290 259 3344 139
280 3308 322 3364 sq.
370 3289 402 3344 ln
438 3308 560 3346 numero
598 3291 818 3360 unoetoigesimo
847 3286 984 3346 mendum
1019 3286 1114 3348 inesse

57 3366 253 3426 observarunt
272 3367 348 3446 Lips.
369 3370 400 3427 et
417 3369 499 3427 Brot.
521 3368 600 3428 adh.
621 3368 640 3427 l.
668 3366 786 3428 Casaub.
807 3369 842 3427 ad
861 3370 941 3428 Suet.
965 3366 1046 3428 Caes.
1067 3374 1113 3429 11.

56 3447 239 3528 Wesseling.
263 3448 405 3509 Observv.
424 3472 452 3530 p.
473 3457 541 3510 222.
585 3447 690 3510 Caesar
712 3449 788 3509 enim
812 3461 897 3509 natus
927 3454 993 3508 655.
1021 3452 1061 3519 U.
1079 3449 1113 3512 C.

56 3529 212 3589 admodum
241 3531 406 3601 adolescens
435 3539 502 3590 677.
530 3551 605 3591 anno
633 3531 732 3590 aetatis
752 3532 891 3613 vigesimo
912 3532 1038 3595 secundo
1057 3531 1112 3590 tri-
1167 3568 1172 3577 .

55 3609 113 3670 bos
142 3610 320 3671 orationibus
350 3611 402 3673 Cn.
432 3612 600 3672 Cornelium
619 3612 813 3687 Dolabellam,
842 3624 950 3692 patrem
970 3610 1001 3672 P.
1022 3610 1111 3672 Corn.

40 3689 239 3766 Dolabellae,
271 3696 370 3775 generi
397 3694 564 3769 Ciceronis,
593 3696 815 3775 repetundarum
843 3693 1018 3773 postulavit,
1051 3714 1110 3773 qno

55 3773 166 3837 iudicio
185 3774 321 3833 liberatus
343 3788 387 3835 est
405 3770 737 3857 patrocinio'Hortensii
757 3787 786 3835 et
799 3774 909 3834 Cottae.
931 3776 1012 3833 Suet.
1029 3773 1111 3836 Caes.
1198 3810 1201 3814 ·

56 3861 108 3916 55.
148 3856 222 3916 Post
240 3862 452 3916 accusationem
469 3859 641 3918 Dolabellae
655 3858 741 3916 baud
763 3858 846 3916 dubie
862 3857 1039 3937 principibus
1054 3879 1111 3939 po·
1148 3911 1157 3921 .

55 3941 149 3996 ironis
189 3950 395 3999 annumeratus
424 3951 474 3999 est.
517 3941 571 3999 Vd.
598 3942 708 4023 Meyer.
741 3938 841 4020 fragm.
871 3950 954 3998 oratt.
985 3961 1013 4018 p.
1044 3945 1110 3998 176.

59 4023 119 4078 178
142 4041 184 4097 sq.
213 4020 305 4079 Beier.
326 4022 360 4083 ad
382 4019 442 4081 Cic.
461 4033 545 4080 oratt.
568 4044 611 4102 pr.
632 4021 746 4095 Tullio,
769 4021 797 4078 in
818 4019 901 4080 Clod.
921 4032 974 4079 etc.
994 4043 1022 4102 [a
1041 4027 1111 4081 210.
1178 4086 1181 4091 ¹
1276 3990 1284 4001 .

55 4095 277 4164 Wistermanu.
299 4104 335 4161 G.
357 4103 383 4160 d.
403 4124 426 4162 r.
448 4105 480 4161 B.
500 4101 528 4184 §.
549 4109 595 4162 68.
617 4109 643 4161 8.
847 4157 904 4187 ,Ι-

138 4184 234 4244 altero
254 4195 284 4244 et
302 4187 437 4262 vigesimo
455 4183 574 4245 Asturius
592 4185 688 4246 Pollio
709 4185 741 4243 C.
757 4182 912 4267 Catonern]
933 4185 1111 4246 Praenomeu
1142 4212 1145 4220 =
