2634 4656
122 271 186 334 aaa
430 235 601 351 ,nraug'as
622 267 661 329 a.
686 264 874 328 araone...

118 408 426 518 Angusti'matrem
451 418 639 518 praefuisse
665 416 921 491 educationibus
943 444 982 489 ac
998 416 1200 518 produxisse

115 519 287 623 principes
312 517 436 590 liberos
463 517 661 616 accepimus.
713 517 810 613 Quae
836 514 1013 614 disciplina
1040 543 1080 587 ac
1106 542 1198 589 seve·

117 620 198 695 ritas
225 645 264 690 eo
285 615 493 718 pertinebat,
518 633 554 689 ut
578 618 708 690 sincera
733 632 765 688 et
788 615 917 710 integra
942 631 973 686 et
994 612 1096 687 nullis
1120 640 1197 715 pra·

117 718 274 791 vitatibus
306 717 436 788 detorta
465 715 730 815 uniuscuiusque
754 731 872 785 natura
906 730 976 786 toto
1001 713 1114 785 statim
1138 741 1197 826 pe-

1 812 2 816 *
119 834 209 903 ctore
244 816 405 913 arriperet
437 815 516 886 artis
552 813 727 903 honestas,
741 828 793 885 ··et
816 813 884 884 sive
910 813 954 884 ad
979 840 1050 884 rern
1076 811 1196 884 milita·

118 983 206 1044 bodie
227 982 366 1062 reliquiae
386 982 448 1042 eius
473 981 662 1062 epistolarum
680 980 818 1040 seruntur
839 978 899 1062 (vd.
916 977 1007 1041 Corn.
1020 980 1097 1060 Nep.
1111 979 1195 1040 Tom.

117 1069 152 1122 tl.
174 1087 202 1144 p.
224 1070 284 1123 372
301 1087 343 1143 sq.
374 1064 417 1123 ed.
439 1061 561 1143 Bardil.)
590 1061 755 1144 suppositas
784 1081 849 1121 esse
878 1060 953 1121 bene
983 1058 1196 1121 demonstravit

118 1148 200 1228 Lang
231 1148 329 1204 Verm.
350 1144 433 1205 Schr.
454 1168 484 1203 u.
505 1146 578 1205 Red.
600 1167 629 1224 p.
648 1151 711 1219 ,108
725 1165 787 1223 sqq.

196 1225 351 1286 Aureliam
381 1226 530 1304 Caesaris]
568 1225 636 1285 Fuit
662 1224 769 1285 femina
795 1223 993 1300 nobilissima,
1022 1224 1062 1282 Μ.
1093 1220 1194 1282 Aurel.

120 1305 225 1370 Cottae
245 1307 321 1382 filia,
343 1305 447 1368 C.·lul.
469 1305 600 1367 Caesaris
622 1305 766 1386 praetoris
788 1325 867 1365 uxor
886 1316 916 1364 ct
937 1302 971 1365 C.
993 1305 1045 1365 lul.
1058 1302 1195 1364 'Caesaris'

117 1389 271 1532 gietatoris
289 1400 398 1466 mater,
426 1389 462 1448 de
483 1410 539 1468 qua
559 1388 605 1447 vd.
618 1386 756 1447 >sueton
777 1383 893 1446 Caesar.
921 1388 969 1446 74.
992 1398 1022 1448 et
1044 1383 1193 1463 Plutarch.

143 1491 200 1530 aes.
222 1474 249 1528 9.

117 1625 119 1629 ἲ
198 1549 327 1626 Atriam]
347 1549 469 1610 Accium
490 1547 563 1624 Cod.
585 1550 669 1608 Farn.
685 1548 739 1608 Ed.
754 1548 832 1608 Pitb.
872 1548 994 1608 Aetium
1017 1546 1092 1610 Cod.
1106 1546 1194 1607 Vind.
1234 1558 1237 1567 ¹

116 1644 187 1693 vett.
208 1633 282 1691 Edd.
301 1631 418 1692 Arriam
440 1629 513 1691 Cod.
538 1629 624 1689 vind.
645 1630 718 1689 Edd.
739 1629 818 1710 Lips.
840 1641 870 1690 et
885 1651 964 1710 seqq.
988 1630 1105 1712 walth.
1121 1629 1193 1719 ltjtt.

116 1713 203 1773 Bacb.
228 1713 279 1795 (de
302 1735 357 1792 qua
378 1735 437 1771 var.
453 1713 499 1771 vd.
514 1712 548 1769 ad
564 1711 638 1770 Dial.
655 1709 719 1794 20.)
739 1711 843 1771 Atiam
863 1713 935 1771 Ero.
953 1712 1072 1771 Broter.
1091 1708 1192 1771 Oberl

116 1794 231 1854 Dronk.
260 1794 371 1854 Osann.
400 1792 492 1855 Orell.
528 1791 616 1851 Bekt.
645 1792 743 1852 Boett.
774 1794 868 1872 nup„
905 1814 990 1872 qnam
1019 1792 1194 1873 scripturam

116 1878 239 1935 Sueton.
259 1876 336 1956 Aug.
356 1877 376 1935 4
397 1886 426 1934 et
447 1877 494 1934 94.
521 1873 678 1944 exhibitam
707 1872 797 1933 solam
819 1873 945 1954 probant
969 1874 1137 1934 W'eichert.
1157 1873 1193 1935 de

115 1958 185 2016 Luc.
209 1959 276 2015 Var.
298 1968 352 2015 etc.
372 1978 401 2036 p.
426 1961 472 2014 10.
494 1955 633 2014 Garaton.
656 1955 691 2014 ad
714 1953 774 2014 Cic.
796 1954 921 2034 Philipp.
945 1957 994 2028 ΙΙΙ,
1018 1961 1046 2014 6.
1069 1955 1136 2013 Vol.
1156 1955 1190 2051 ll.

115 2037 389 2197 l}.²,⁰.2.ll{{l.⁵‘l.
402 2048 439 2196 ‘i
452 2035 913 2196 {25⁰⁰lb3¹‘..¹‘²l.t.²¹ltt
931 2036 1054 2176 illd.
1075 2038 1112 2176 ii
1131 2035 1192 2178 lt

116 2199 208 2295 spisse
229 2198 388 2294 annotavit.
425 2198 501 2257 Atia
520 2196 579 2256 filia
597 2197 655 2258 suit
673 2200 714 2257 M.
734 2197 810 2258 Attii
827 2197 912 2258 Balbi
931 2211 962 2259 et
976 2199 1084 2276 lnliae,
1106 2219 1191 2259 soro·

114 2303 156 2341 ns
180 2277 531 2442 liiodiiliiisprtnupes
550 2359 673 2442 libertis]
694 2350 866 2420 Produeere
885 2359 904 2420 i.
921 2383 948 2440 q.
961 2361 1099 2436 educere,
1120 2361 1192 2423 edn-

116 2432 200 2518 edre,
229 2443 266 2501 de
291 2464 346 2520 qna
367 2442 479 2501 rariore
500 2441 622 2523 signific.
642 2443 689 2503 vd.
710 2441 800 2502 Both.
823 2441 858 2501 ad
879 2442 978 2524 Agric.
995 2465 1024 2522 p.
1046 2446 1117 2503 240.
1143 2445 1192 2502 lu·

115 2545 181 2583 ven.
207 2526 255 2598 14,
278 2530 344 2583 228.
367 2523 462 2582 transf.
483 2523 651 2598 annotavit,
670 2523 895 2604 productionem
917 2523 949 2582 h.
962 2522 982 2582 l.
1004 2524 1191 2604 splendorem

117 2605 281 2687 significare
310 2603 376 2666 coll.
400 2603 499 2664 Barth.
523 2604 557 2664 ad
578 2603 727 2665 Claudian.
749 2626 777 2684 p.
798 2610 867 2665 526.
888 2603 915 2664 b.
944 2604 1060 2665 Schula.
1078 2611 1190 2702 prinei-

112 2687 402 2784 pes⁴lib¹erqsorencte
424 2686 633 2782 ipterpretatus
654 2697 717 2762 est,
739 2685 790 2765 qni
810 2683 971 2746 facti·snnt
990 2687 1141 2768 principes
1162 2696 1192 2748 et

67 2903 69 2908 .
116 2778 521 2922 pnieniiiibmrbcilltiiiigra
554 2857 583 2907 et
612 2849 699 2907 nullis
722 2849 920 2928 pravitatibus
948 2844 1086 2928 detorta]
1125 2848 1191 2910 Tac.

114 2926 191 2986 Hist.
213 2930 264 3003 tv,
287 2931 334 2988 64.
356 2929 392 2988 de
411 2928 693 3012 Agrippinensibus:
716 2932 862 3003 sincerus,
884 2934 996 3004 integer
1018 2939 1049 3007 et
1066 2933 1191 2990 seruitu-

24 3053 29 3060 -
115 3012 154 3068 tis
173 3009 278 3081 oblitus
296 3012 426 3091 populus.
460 3011 560 3071 Germ.
581 3012 610 3071 4.
637 3013 790 3091 proprium
811 3021 840 3069 et
858 3015 1003 3070 sinceram
1026 3022 1055 3071 et
1075 3020 1191 3072 tantum

114 3094 162 3150 sui
179 3092 303 3150 similem
324 3102 440 3165 gentem
461 3113 485 3152 c.
505 3103 605 3150 annot.
625 3103 719 3151 nostr.
763 3090 810 3150 De
836 3091 954 3151 formul.
979 3103 1009 3152 et
1027 3093 1126 3151 nullus
1145 3093 1192 3153 vd.

66 3195 68 3200 ’
114 3183 214 3230 annot.
235 3172 269 3230 ad
292 3172 365 3230 Dial.
392 3178 455 3245 12„
484 3172 531 3232 cui
559 3173 633 3233 addo
659 3172 738 3231 Ann.
758 3173 795 3246 ll,
816 3175 865 3232 45.
898 3172 999 3254 Agric.
1024 3179 1060 3234 16
1082 3184 1114 3234 et
1132 3176 1193 3250 40,

115 3252 152 3312 de
174 3273 202 3312 v.
229 3252 400 3335 detorquere
427 3253 463 3313 cf.
490 3252 586 3312 Beier.
615 3253 650 3313 ad
679 3250 740 3313 Cic.
771 3252 831 3332 Oll'.
850 3254 888 3329 ll,
911 3259 958 3313 10.
980 3276 1008 3334 p.
1031 3260 1080 3314 73.
1116 3253 1192 3313 Plin.

112 3331 219 3413 Paneg.
244 3338 292 3390 70.
334 3333 441 3392 Adbuc
462 3344 561 3392 autem
589 3335 748 3415 quamlibet
772 3338 890 3392 sincera
915 3345 1053 3417 rectaque
1072 3339 1217 3410 ingentes

113 3415 171 3472 etsi
188 3434 245 3471 non
266 3413 473 3495 detorquebat,
502 3415 660 3475 hebetabat
687 3419 917 3475 tamenruisera
941 3416 996 3474 sed
1016 3437 1086 3476 uera
1106 3438 1193 3498 repu-

115 3497 209 3567 tatio,
238 3492 291 3553 ubi
317 3495 463 3576 Schwara'.
492 3495 663 3576 detorquere
688 3488 921 3576 bene‘explicat:
955 3496 1081 3576 aliquem
1109 3496 1192 3578 qnasi

114 3573 241 3651 inuitum
261 3586 291 3634 et
313 3575 343 3636 vi
363 3577 502 3655 quadarn,
530 3575 682 3636 blandiore
700 3588 813 3652 tamen,
834 3575 1007 3652 deflectere,
1028 3590 1064 3638 ut
1083 3590 1193 3641 mutata

113 3656 266 3718 voluntate
287 3668 318 3716 et
339 3658 464 3721 consilio
490 3676 558 3717 are
578 3657 672 3737 aliqua
694 3670 821 3718 mentem
840 3671 968 3729 avertat:
997 3660 1062 3719 add.
1084 3661 1123 3723 ad
1143 3666 1191 3721 82.

110 3759 130 3817 P
194 3829 255 3877 toto
281 3829 401 3900 pectore
428 3822 576 3898 arriperet
596 3823 686 3878 artis·
700 3817 855 3900 honestas]
891 3820 917 3878 B
940 3818 1015 3881 Cod.
1036 3821 1124 3881 Farn.
1142 3843 1191 3882 re-

112 3896 176 3978 cepi
202 3903 278 3958 artis
299 3922 343 3980 pr.
366 3898 445 3982 vulg.
461 3910 560 3975 artes,
581 3902 618 3960 de
633 3921 688 3978 qua
701 3899 788 3960 form.
809 3913 932 3960 accusat.
946 3901 1023 3980 plur.
1039 3904 1088 3962 vd.
1104 3904 1190 3963 Haas.

111 4006 211 4057 anatot.
226 4001 274 4054 86.
291 3997 327 4054 ad
346 3995 455 4076 Reisig.
472 3996 555 4055 Vorl.
570 3997 597 4078 ᾖ.
614 4002 674 4072 69.,
694 3997 745 4075 qni
759 3999 835 4078 apud
847 4001 914 4059 Tac.
929 3984 960 4057 is
969 3999 1189 4078 praeferendam

112 4089 221 4137 censet.
264 4077 416 4135 Honestae
438 4075 552 4171 (Agric.
568 4083 597 4138 4.
621 4100 645 4138 c.
665 4090 764 4138 annot.
786 4079 904 4140 Walcb.
919 4084 1060 4154 ἐγκύκλιοι,
1075 4080 1099 4140 it
1115 4084 1191 4157 tyni.

110 4165 183 4227 utros
196 4163 300 4233 aurisia
320 4179 365 4238 ap.
389 4156 493 4233 ant.
507 4160 532 4238 l,
554 4158 618 4240 10.)
637 4171 727 4238 artes,
748 4159 855 4241 quibus
872 4159 1036 4223 contrariae
1049 4163 1191 4224 sordidae
