2634 4656
528 248 607 333 cap.
631 248 693 313 rr.
1109 253 1153 314 er

69 402 206 481 menelnt
230 419 387 477 eventum
419 419 453 476 et
476 401 684 481 lenocinatur
707 402 878 505 voluptati.
933 401 1005 479 Sed
1030 419 1155 479 extem·

68 576 132 645 ris,
162 566 352 653 aptioribus
374 582 404 632 et
425 584 509 633 orites
529 570 656 657 cognitis
678 571 840 649 diversam,
873 573 930 634 hoc
947 572 1152 636 tantummodo

67 654 104 714 sd
124 662 246 735 tempus
261 652 392 733 pertinit
419 665 450 714 et
476 652 549 713 nihil
576 654 655 714 aliud
682 652 808 728 indicat,
838 676 924 733 quam
944 675 1006 714 nou
1025 655 1151 717 maltum

66 736 214 815 temporis
235 733 404 811 ellluxisse,
432 750 548 816 ex'qno
569 734 678 815 aliquid
701 735 807 796 lectum
828 736 875 795 sit.
925 735 1009 797 Nouo
1029 735 1153 818 opposi-

66 829 133 879 tum
157 821 393 896 salutationum,
423 817 441 875 i.
463 839 487 877 e.
517 817 564 891 id,
596 818 676 896 qnod
705 817 776 876 olim
806 816 879 892 luit,
909 817 962 877 ced
983 839 1063 878 nunc
1089 838 1152 879 non

66 894 207 979 amplius
222 908 318 958 exstat
337 911 367 959 et
389 897 445 958 iem
467 898 517 958 diu
548 919 615 961 esse
642 896 745 969 desiit3
775 901 888 958 recenti
906 899 1076 979 oppositum
1105 909 1153 960 eet

68 990 170 1055 aetus,
190 979 211 1039 i.
227 993 252 1039 e.
272 980 321 1053 id,
341 981 423 1060 quod
443 979 499 1039 iam
518 1000 554 1040 ex
571 978 662 1062 longo
678 991 812 1061 tempore
833 991 879 1040 eet
897 1001 931 1041 ac
947 980 997 1039 diu
1018 980 1075 1039 iam
1093 980 1152 1040 ‹ln-

66 1060 173 1121 nae«
209 1062 257 1121 De
282 1083 310 1120 v.
339 1080 415 1121 cura
440 1062 489 1121 vd.
519 1083 600 1142 supr.
628 1073 727 1121 annot.
748 1061 783 1122 ad
812 1082 857 1141 cp.
876 1067 905 1121 3.
946 1061 1091 1121 Attulerit
1109 1078 1152 1124 ee·

65 1142 178 1217 domo,
199 1142 247 1202 vel
263 1142 343 1201 domi
362 1142 567 1224 conscriptam.
608 1144 712 1203 Senec.
732 1140 926 1203 Controvers.
948 1143 1012 1202 Lib.
1027 1149 1057 1203 3.
1088 1144 1152 1203 Ex.

64 1235 162 1305 eeu-pt.
179 1245 210 1304 p.
227 1228 297 1284 396.
317 1222 382 1305 Βίρ.
429 1224 516 1303 (luae
536 1223 680 1305 (Severus
701 1223 837 1304 Cassius)
859 1224 996 1299 dicebat,
1024 1227 1151 1285 meliora

65 1315 266 1387 erant-quam
282 1327 359 1386 quae
379 1307 501 1365 sciebat.
545 1308 596 1366 Vir
616 1310 692 1365 enim
709 1309 874 1385 praesentis
894 1310 989 1365 animi
1008 1317 1038 1365 et
1054 1310 1152 1367 maio·

13 1400 19 1413 '
65 1390 110 1447 rie
123 1391 243 1461 ingenii
261 1408 349 1466 quam
372 1388 465 1446 studii
480 1392 579 1462 magis
598 1389 737 1469 placebat
759 1390 789 1447 in
807 1389 864 1460 tis,
887 1408 963 1468 quae
978 1389 1153 1464 inueniebat,

64 1486 67 1491 ·
116 1490 160 1539 ,m
182 1472 212 1526 in
232 1469 288 1541 leis,
310 1489 388 1551 quae
408 1470 560 1528 attulerat.
601 1470 778 1549 Plerumque
804 1468 912 1528 dicitnr
932 1470 1019 1528 domo
1038 1467 1151 1549 afferre

62 1490 319 1612 liuorsttonibus
345 1551 580 1631 praemeditatis,
616 1572 688 1630 ques
715 1562 849 1610 oratores
878 1550 1051 1630 proferunt:
1087 1548 1151 1617 Cio.

65 1631 154 1692 Orat.
173 1637 227 1704 25,
248 1636 297 1690 eo.
341 1633 451 1691 rotato
480 1637 571 1692 eriam
599 1635 737 1713 quaesita
764 1650 817 1690 nec
845 1652 883 1690 ex
906 1642 1039 1717 tempore
1056 1629 1152 1712 ficta,

63 1713 121 1773 sed
139 1713 231 1771 doma
247 1714 353 1773 allata.
382 1713 487 1787 Quint.
507 1715 546 1787 X,
568 1719 597 1787 6,
619 1719 647 1773 6.
691 1713 772 1775 Nam
794 1723 826 1771 ut
841 1716 971 1793 primum
998 1723 1042 1773 est
1062 1714 1150 1773 domo

62 1792 182 1874 afferre
197 1805 342 1872 paratam
365 1794 484 1854 dicendi
510 1799 627 1872 capiam
649 1804 679 1852 et
699 1804 831 1865 certam,
858 1798 903 1852 ita
923 1792 1055 1872 reftrtare
1075 1805 1151 1853 tem-

62 1880 150 1955 poris
178 1897 302 1934 munera
325 1879 409 1950 longe
430 1877 633 1934 stultissimum
655 1884 708 1933 est.
737 1876 776 1948 X,
799 1880 828 1947 7,
850 1881 898 1933 30.
919 1876 972 1949 Xl,
994 1883 1025 1949 2,
1046 1878 1096 1935 46.
1110 1910 1150 1923 -

61 1956 144 2031 ,Cum
165 1959 311 2017 sententia
331 1957 359 2016 h.
380 1956 399 2016 Ι.
422 1956 570 2017 Eekstein.
592 1955 753 2038 comparari
773 1955 874 2029 iubet,
901 1977 974 2034 quae
996 1968 1095 2015 narrat
1113 1956 1151 2016 tle

65 2039 107 2115 Q.
127 2038 252 2099 Haterio
271 2040 339 2098 Tac.
360 2038 440 2098 Anu.
460 2038 511 2112 lV,
534 2043 582 2099 61.
603 2075 643 2087 -
687 2038 814 2118 Quintus
840 2036 1003 2111 llaterius',
1025 2034 1152 2116 familia

61 2123 236 2195 omotario,
265 2121 448 2200 eloquentiae
468 2121 568 2198 quoad
589 2124 661 2180 vixit
684 2120 870 2179 celebratae:
898 2130 1086 2178 monumenta
1104 2122 1153 2178 in-

59 2205 146 2279 peuii
160 2204 223 2260 eius
235 2201 319 2261 lraud
336 2201 459 2280 perinde
478 2205 648 2261 retinentur.
673 2232 676 2237 ·
689 2201 810 2261 Scilicet
822 2204 933 2279 impetu
948 2203 1043 2274 magis
1056 2220 1151 2282 quam

62 2296 147 2357 cura,
164 2283 297 2357 uigebat,
328 2292 416 2361 utque
438 2284 566 2342 aliarum
593 2278 747 2343 meditatio
774 2292 804 2341 et
831 2283 917 2341 lairar
944 2285 1150 2361 inposterum

63 2365 205 2439 valescit,
224 2367 268 2423 sic
280 2363 404 2425 Haterii
422 2384 564 2425 canorum
584 2366 659 2425 illud
677 2375 707 2423 et
724 2362 877 2447 profluens
896 2384 963 2425 cum
983 2366 1048 2443 ipso
1063 2363 1153 2424 simul

61 2449 244 2507 exstinctum
266 2457 318 2505 est.

136 2531 216 2608 ,ipsa
233 2526 399 2587 solicitudo
422 2526 610 2587 commendat
629 2522 778 2606 euentum]
806 2524 1021 2587 Commendare
1040 2524 1151 2605 aliquid

62 2607 211 2691 signifieat
238 2620 354 2704 gratum
374 2644 414 2658 -
440 2619 591 2687 acceptum
612 2641 650 2653 -
679 2605 839 2667 iucundum
867 2606 1011 2682 reddere,
1040 2626 1150 2687 appro-

61 2688 163 2765 bare,
180 2701 308 2771 pretium
333 2688 455 2749 alienius
477 2689 521 2749 rei
543 2709 659 2770 augore.
701 2687 776 2748 Vell.
797 2690 909 2749 Petere.
930 2689 968 2765 ll,
989 2692 1039 2748 29.
1079 2687 1151 2767 Fuit

60 2770 112 2829 laic
125 2803 174 2847 Ι-
190 2768 297 2848 forma
318 2772 482 2845 excellens,
505 2793 560 2831 nan
582 2791 620 2829 ea
638 2790 696 2853 qua
741 2791 773 2829 os
794 2770 1019 2833 commendatur
1039 2770 1151 2829 aetatis

59 2850 134 2931 ibiq.
155 2851 276 2912 Ruhuk.
298 2851 403 2927 Quint.
424 2854 463 2928 X,
488 2857 515 2928 l,
538 2857 605 2912 101.
622 2885 659 2895 -
681 2872 701 2909 a
707 2848 808 2930 sectus
829 2852 965 2931 quidem,
985 2855 1150 2931 praecipue

60 2953 139 3003 ene,
153 2936 206 3013 qui
222 2942 291 2993 sunt
312 2932 475 3007 dulciores,
498 2943 530 2993 ut
548 2935 725 3011 parcissime
747 2932 864 3007 dicam,
886 2954 971 2993 nemo
991 2930 1150 3015 historica]-

61 3034 131 3089 rurn
150 3010 365 3075 commendauit
385 3018 489 3090 magis.
526 3013 602 3073 Plin.
622 3014 697 3095 Epp.
718 3015 772 3089 lX,
788 3018 807 3074 5
824 3025 855 3076 et
869 3020 919 3075 36.
939 3013 1009 3095 ibiq.
1034 3012 1149 3097 Gierig.

60 3096 171 3179 Peneg.
186 3098 221 3167 ,5.
242 3095 390 3157 Schwere
1133 3162 1136 3169 ,

127 3186 173 3255 1εἰ
192 3178 378 3246 lenocinatur
399 3174 561 3273 uoluptati]
597 3177 619 3235 l.
641 3198 666 3236 e.
689 3175 848 3258 plurimum
873 3174 951 3256 parit
977 3172 1148 3254 voluptatis.

58 3256 254 3319 Lenoainium
274 3271 304 3318 et
324 3260 488 3317 lenocinari
505 3256 613 3317 dicitur
636 3259 671 3317 de
693 3257 798 3337 quovis
825 3276 932 3338 magno
961 3267 1148 3331 ornamento,

59 3339 144 3420 qnod
163 3330 321 3401 adhibetur
345 3337 432 3400 alicui
452 3336 497 3399 rei
523 3340 559 3399 ad
584 3339 705 3423 gretiam
728 3335 755 3401 ei
777 3337 1005 3410 conciliandam,
1031 3338 1067 3397 ad
1088 3336 1148 3403 vim

56 3422 238 3503 pondusque
266 3420 330 3481 eius
358 3420 532 3505 augendum.
571 3422 673 3491 Germ.
696 3423 745 3481 43.
773 3418 869 3502 (Arii)
898 3422 1005 3479 insitae
1025 3418 1150 3501 feritati

57 3512 128 3563 arte
156 3524 194 3563 ac
224 3514 357 3582 tempore
385 3504 588 3562 lenocinantur
614 3500 683 3581 ibiq.
704 3503 792 3562 Hess.
823 3499 898 3560 Plin.
926 3502 1000 3583 Epp.
1021 3502 1044 3573 l,
1065 3507 1096 3576 8,
1119 3507 1146 3561 6.

55 3582 180 3664 Anceps
200 3584 249 3645 iric
269 3595 299 3645 et
313 3584 442 3644 lubricus
463 3585 544 3645 Iocus
566 3595 619 3657 est,
643 3588 734 3643 etiam
754 3606 841 3666 quiem
862 3585 908 3642 illi
925 3587 1085 3642 necessitas
1103 3582 1146 3639 le-

44 3669 219 3727 ¹nociaatur
245 3665 315 3747 ibiq‘.
338 3666 421 3725 Gier.
443 3666 480 3741 ll,
504 3671 550 3728 19.
600 3665 705 3725 Potest
733 3676 832 3724 tamen
848 3663 940 3744 fieri,
971 3673 1022 3739 ut,
1051 3682 1145 3735 quan-

57 3768 151 3829 quam
167 3752 198 3807 in
212 3748 258 3806 luis
273 3746 514 3827 difficultatibus,
533 3747 608 3807 libra
625 3750 676 3806 isti
688 3751 802 3806 nouitas
817 3748 1005 3805 lenocinetur.
1039 3743 1145 3819 Quint.

52 3830 98 3905 HV,
119 3834 172 3904 12,
196 3833 243 3889 17.
273 3850 330 3889 non
350 3829 411 3887 alio
440 3826 661 3907 mediusfidius
683 3832 750 3887 citio
772 3827 947 3898 dicentium,
979 3845 1067 3905 quam
1089 3847 1145 3903 qua

57 3912 276 3989 mancipiorum
302 3914 500 3986 negotiatores
523 3909 647 3990 formae
677 3930 837 3989 puerorum
875 3910 1014 3967 virilitate
1041 3911 1145 3967 enema

56 3992 272 4051 lenocinantur.
300 3994 352 4067 lV,
374 3997 405 4067 2,
430 3995 497 4052 tte.
540 3990 632 4050 Caret
657 3996 733 4049 enim
754 3993 859 4050 ceteris
879 3988 1030 4069 lenociniis
1050 4010 1144 4068 cmpo-

55 4077 145 4147 sitia,
161 4082 217 4149 et,
241 4076 300 4133 nisi
318 4074 537 4135 contarendctur
555 4074 613 4134 leae
634 4083 803 4152 venustate,
830 4076 932 4134 iaceat
952 4092 1070 4133 necesse
1089 4081 1141 4131 est.

56 4154 249 4235 osso·
360 4226 365 4237 .
456 4230 460 4239 .
