2634 4656
113 253 178 320 204
386 243 389 251 ’
434 253 594 339 Dialogus
616 256 655 317 de
679 226 862 317 Orataiibaa

57 412 60 416 ’
110 426 176 484 tent
199 406 432 483 accedentibus
458 406 689 482 controversiis
715 406 862 504 linguam
882 406 983 480 niodo
1009 422 1041 479 et
1069 434 1185 480 vocem

113 524 318 596 exercerent,
340 508 401 581 sed
425 525 462 580 nt
483 507 526 581 iis
552 509 679 591 artibus
703 525 819 608 pentus
832 507 1027 608 implerent,
1049 507 1086 580 in
1110 505 1185 607 qui-

112 610 177 683 bus
204 609 246 682 de
271 608 430 681 bonisne
455 608 567 697 malis,
594 607 801 681 dehoneste
828 625 860 681 et
884 606 995 707 turpi,
1028 607 1072 697 de
1095 608 1185 681 iusto
1211 656 1216 665 -

113 726 145 782 et
160 708 292 790 iniusto
317 707 514 809 disputatur.
572 710 662 803 Haec
694 707 743 780 est
770 705 1005 779 enimoratori
1033 707 1185 781 subiecta

112 808 358 883 addicendum
383 806 528 879 materiai
583 808 666 879 Nam
695 807 729 879 in
753 805 886 879 iudiciis
911 806 980 878 fere
1005 805 1048 879 de
1069 804 1185 907 aequi-

71 996 74 1003 ¹
111 924 198 997 tate,
223 908 259 980 in
284 905 578 979 deliberationibus
600 908 642 981 de
663 907 831 979 honestate
849 905 1062 995 disserimus»,
1086 909 1133 980 ita
1150 922 1185 979 nt

111 1006 306 1111 plerumque
338 1005 418 1079 haec
451 1007 526 1106 ipsa
561 1007 699 1080 invicem
720 1002 950 1094 ¹misceantnr3
982 1006 1024 1080 de
1059 1006 1183 1108 quibus

113 1173 291 1244 receperunt
310 1163 434 1224 Seebod.
454 1162 567 1224 Dronk.
590 1162 700 1224 Osann.
724 1161 815 1224 Orell.
836 1161 924 1223 Bekk.
945 1163 1043 1222 Boett.
1065 1153 1182 1224 Waltls.

113 1245 202 1306 Bach.
217 1243 312 1317 ·}siss.;
334 1249 364 1304 in
388 1247 486 1306 orniss.
508 1256 552 1307 est
571 1243 714 1305 intodd.
735 1246 799 1304 Par.
822 1245 908 1306 Vind.
923 1244 997 1311 Edd.
1017 1244 1096 1325 Spir.
1119 1247 1183 1306 Pnt.

35 1364 40 1373 .
113 1328 180 1390 Riv.
201 1326 294 1387 Rhea.
315 1326 381 1387 Atd.
402 1328 481 1407 Lips.
502 1327 577 1389 Pith.
599 1338 628 1387 et
648 1349 727 1407 seqq.
751 1327 782 1386 it.
802 1330 897 1408 ‘Repu
929 1328 1079 1386 rhetorum
1100 1328 1184 1389 scleo-

113 1409 412 1472 instituentis.
434 1421 466 1470 ut
484 1411 633 1470 rhetorum
653 1413 682 1469 in
707 1410 814 1469 seleolis
835 1431 851 1471 e
873 1408 994 1471 conieci.
1022 1407 1108 1469 Aeid.
1135 1420 1183 1470 re·

113 1502 255 1574 ceperunt
274 1493 379 1551 Heum.
399 1491 514 1552 Schulz.
538 1491 637 1551 Obesi.
658 1490 722 1572 Bip.
757 1491 804 1551 De
825 1491 922 1551 omiss.
942 1512 1076 1572 praepos.
1099 1496 1131 1551 in
1147 1491 1183 1553 ei.

71 1585 74 1593 ’
113 1585 213 1636 annot.
237 1573 272 1632 ad
292 1571 366 1633 Dial.
388 1579 434 1649 32.
461 1574 516 1634 ‘De
531 1596 564 1634 re
579 1572 653 1633 Dial.
673 1578 718 1634 14.
739 1573 844 1648 Quint.
859 1576 898 1643 X,
914 1580 944 1646 2,
962 1577 1009 1632 12.Ι
1051 1572 1182 1654 (luofit,

114 1669 147 1718 ut
166 1659 259 1714 minas
277 1658 426 1729 sanguinis
445 1675 482 1714 ae
503 1660 604 1716 oirium
625 1657 852 1715 declamationes
866 1655 993 1714 habeant
1007 1677 1098 1736 quam
1113 1677 1183 1716 ora·

113 1743 216 1810 tisines,
237 1741 305 1820 quia
325 1738 434 1797 inillis
455 1759 533 1813 aera,
549 1743 583 1797 in
605 1739 651 1798 lus
664 1738 839 1797 assimulata
853 1741 980 1797 materia
1000 1746 1053 1796 est.
1089 1739 1111 1797 Ι.
1129 1737 1181 1801 Clu

113 1820 170 1882 Th.
196 1819 317 1879 Ernest.
340 1819 376 1879 de
404 1818 510 1880 elocut.
536 1818 627 1903 poelt.
652 1821 726 1880 Lan
755 1831 826 1881 vett.
854 1819 948 1901 lusor.
974 1831 1132 1881 comment.
1159 1823 1180 1882 Ι.

114 1925 135 1986 P
198 1995 229 2044 ut
248 1987 285 2042 iis
305 1983 417 2043 artibus
434 1993 536 2065 peetus
554 1981 721 2069 implerent]
745 1981 941 2045 OrellBekk.
952 1982 1050 2044 Boett„
1065 1982 1196 2046 Waltlt.'

65 2134 67 2140 .
115 2064 204 2126 Bach.
226 2064 298 2125 Ritt.
322 2076 353 2126 ut
374 2070 403 2125 in
422 2070 458 2125 iis
481 2099 515 2111 -
537 2068 690 2146 implorent
715 2063 787 2126 Cod.
807 2068 891 2132 Farn.
919 2076 950 2126 ut
972 2066 1068 2127 in‘ltis
1088 2064 1181 2129 Codd.

115 2149 181 2208 Par.
199 2146 290 2207 'Vino
319 2148 372 2207 Ed.
393 2147 470 2229 Spir.
498 2157 529 2208 ut
557 2149 602 2206 leis
622 2148 694 2207 Edd.
715 2148 780 2208 Puta
803 2170 882 2228 seqq.
921 2149 966 2207 De
987 2159 1138 2217 structura
1156 2171 1179 2212 e.

114 2228 200 2290 ablat.
220 2230 267 2289 vd.
290 2228 363 2288 Otto
384 2231 418 2289 ad
440 2227 500 2291 Cic.
523 2228 606 2288 Finn.
627 2231 664 2302 V,
685 2235 736 2304 23,
758 2237 805 2290 68.
833 2230 986 2312 (compleri
1003 2232 1104 2314 aliqua
1123 2231 1180 2314 re),

217 2310 226 2326 ·
361 2311 368 2328 ⁹
551 2310 558 2325 ·
654 2311 661 2326 ·
1113 2319 1131 2356 a

115 2309 1095 2477 {epsepstvaopleffrcgssppptcpassupsnolffidsgpalddplmlepl
1111 2316 1179 2457 {iiie

53 2512 55 2523 ι
115 2476 219 2536 oculos
241 2475 513 2536 habuisse-videtur
532 2473 592 2537 Cic.
615 2477 651 2536 de
671 2476 753 2536 Orat.
773 2479 821 2553 ΙΙΙ,
844 2483 893 2552 30,
914 2483 980 2537 121.
1020 2476 1089 2539 Non
1105 2481 1179 2538 enirn

113 2561 208 2620 solum
230 2559 360 2618 acuenda
374 2558 455 2618 nolis
475 2579 562 2641 atque
581 2558 765 2641 procudenda
785 2561 885 2634 lingua
904 2569 962 2629 est,
983 2559 1037 2618 sed
1056 2581 1179 2620 oneran-

114 2640 184 2701 dum
202 2641 451 2724 complendumque
474 2651 572 2722 pectus
594 2645 791 2722 maximarum
818 2663 915 2701 rerum
936 2651 964 2699 et
987 2642 1180 2722 plurimarum

115 2726 279 2796 suauitate,
299 2727 398 2804 copia,
421 2727 570 2782 varietate.
610 2722 717 2783 Similis
739 2735 783 2783 est
804 2722 945 2782 sententia
967 2717 1070 2797 Quint]
1091 2725 1131 2799 X,
1150 2728 1177 2800 7,

117 2810 166 2865 15.
186 2804 294 2863 Pectus
314 2816 360 2864 est»
378 2808 469 2880 enim,
489 2805 566 2887 quod
582 2804 704 2866 disertos
717 2803 812 2883 saell,
834 2815 863 2864 et
878 2809 919 2863 ois
939 2809 1050 2864 mentis.
1087 2805 1178 2867 Lecta

116 2885 204 2968 digna
229 2897 275 2947 est
302 2885 394 2946 oratio
424 2889 445 2946 Ι.
466 2886 501 2945 Α.
522 2887 637 2947 Ernest.
658 2888 693 2947 de
716 2887 816 2951 eodem
841 2898 1011 2969 argumento
1032 2886 1129 2948 habita
1148 2887 1177 2948 in

9 2972 15 3021 ,’
65 2962 72 2974 “
117 2967 244 3050 Opnsec.
273 2981 380 3030 orator.
405 2990 433 3050 p.
453 2975 492 3028 20
506 2990 548 3049 sq.
598 2969 643 3029 De
670 2968 828 3030 honestatis
857 2970 953 3030 studio
972 2968 1074 3029 sTaciti
1101 2969 1177 3031 uet-

116 3051 201 3112 stein.
230 3050 364 3136 Prolegg.
389 3073 418 3132 p.
447 3052 494 3112 74.
523 3050 750 3114 laudavit¹Anm
770 3053 848 3126 xvi,
871 3057 916 3113 16.
950 3050 1064 3110 Histoe.
1084 3053 1108 3129 1,
1130 3056 1176 3113 15.

120 3133 292 3275 Germlldde·
317 3224 360 3274 est
388 3218 462 3275 enim
477 3164 606 3282 ‘oratori
631 3215 761 3275 subiecta
788 3213 831 3275 ad
856 3211 1003 3275 dicendum
1031 3210 1175 3299 materia]

109 3296 203 3358 .Haeo
224 3308 267 3356 est
288 3300 361 3355 enim
383 3318 407 3356 c.
427 3297 500 3359 Ritt.
529 3309 558 3357 et
579 3297 665 3359 Bach.
692 3298 790 3380 recepi
809 3319 825 3357 e
846 3294 918 3356 Cod.
939 3299 1022 3356 Farn.
1044 3319 1089 3378 pr.
1110 3295 1175 3358 vnl-

15 3455 17 3458 Ϋ
119 3390 177 3462 gat.
196 3378 267 3457 haee:
287 3383 361 3437 enirn
381 3389 431 3438 est.
472 3381 568 3439 Dese
588 3378 697 3440 eicio.
721 3380 755 3439 de
778 3380 858 3440 Orat.
878 3380 901 3454 Ι,
922 3386 971 3453 46,
991 3384 1061 3442 201.
1083 3382 1127 3440 sia
1145 3382 1175 3439 in

118 3463 215 3521 causis
239 3461 358 3541 publicis
385 3461 574 3535 iudiciorum,
603 3464 779 3533 contionum,
797 3472 923 3521 senatus
943 3465 1035 3527 omnis
1056 3462 1129 3522 haee
1147 3468 1175 3521 et

118 3538 301 3626 antiquitatis
320 3547 461 3603 memoria
481 3553 509 3601 et
527 3543 637 3624 publici
650 3540 726 3603 ‘iuris
744 3548 904 3603 auctoritas
923 3554 952 3603 et
969 3543 1114 3619 regendae
1132 3544 1176 3603 rei

115 3626 250 3709 publicae
271 3628 348 3683 ratio
369 3647 407 3685 ao
425 3629 548 3684 seientia
573 3636 709 3712 tanquam
738 3628 837 3708 aliqua
863 3629 999 3685 materies
1018 3630 1054 3684 iis
1074 3635 1174 3686 orato·

118 3709 218 3782 rilus‚
238 3711 288 3790 qui
307 3717 457 3767 oersantur
476 3711 505 3766 in
525 3727 557 3766 re
576 3708 709 3788 publiea,
730 3710 862 3768 sullecta'
878 3728 939 3766 esse
961 3708 1052 3767 delet.

200 3789 278 3853 Nam
306 3794 335 3848 in
361 3791 476 3853 iudiciis
496 3822 535 3839 -
556 3789 747 3872 misceantur]
783 3791 949 3854 disserimus
970 3787 1062 3849 Codd.
1090 3789 1172 3848 Fara.

35 3902 37 3907 v
119 3868 191 3952 (om.
222 3870 404 3952 plerumque)
442 3868 549 3932 Vatice.
577 3872 649 3931 Edd.
683 3871 794 3931 Dronk.
824 3872 932 3932 Osann.
963 3870 1053 3933 Orell.
1086 3870 1172 3930 Bekk.

117 3952 215 4014 Boeo.
236 3953 351 4013 Walth.
374 3953 553 4013 Bacasis.
575 3955 697 4019 dicimus
715 3951 808 4031 Cndd.
823 3955 886 4015 Par.
907 3954 993 4014 vind.
1016 3965 1084 4015 cett.
1102 3953 1172 4013 Edd.

117 4034 245 4095 Ursinus
266 4047 295 4094 et
309 4037 464 4108 Muretus,
495 4035 599 4115 quibus
628 4035 676 4095 hic
702 4033 783 4095 locus
812 4036 931 4097 mutilus
960 4048 1005 4097 est
1032 4037 1114 4096 visus
1135 4033 1173 4095 ob

118 4116 257 4177 omissum
275 4117 393 4177 tertium
408 4138 555 4177 causarum
589 4139 670 4194 enus,
691 4115 896 4196 laudationum,
917 4129 946 4180 et
960 4118 1037 4200 quod
1052 4118 1083 4178 in
1102 4117 1172 4178 deli-

118 4197 315 4262 berationibns
342 4219 402 4260 non
424 4211 490 4285 apte
504 4200 545 4264 de
568 4140 722 4262 innestate
746 4200 923 4280 disseratur,
949 4199 1175 4286 approbantibus
