2634 4656
534 269 611 352 cap.
633 270 796 333 xxrsnr.
997 310 1001 323 .
1138 239 1224 337 rso'
1255 242 1263 258 “

123 422 337 525 propinqua,
373 425 468 496 cuius
490 423 642 522 probatis
671 425 894 524 spectatisque
916 426 1067 514 moribus
1093 430 1202 501 omnis

124 521 276 597 eiusdem
303 522 446 595 familiae
466 522 601 595 suboles
626 524 899 610 committeretur,
925 551 1036 597 coram
1060 548 1125 624 qua
1143 556 1203 600 ne-

125 647 196 721 que
220 620 331 694 dicere
356 622 408 693 fas
437 630 523 708 erat,
561 623 653 720 quod
678 628 776 722 tuipe
807 623 916 711 dictu,
947 650 1056 721 neque
1082 626 1203 714 lacere,

124 719 221 818 quod
241 719 453 792 inhonestum
472 721 562 792 laetu
580 722 755 793 videretur.
806 723 857 793 Ae
878 751 947 794 uon
968 723 1078 794 studia
1101 723 1203 795 modo
1297 779 1299 783 -

125 819 414 916 curasque,„sed
445 819 660 917 remissiones
693 821 789 891 etiam
823 819 984 919 lususque
1021 849 1203 921 puerorum

125 916 300 1005 sanctitate
326 918 469 1019 quadam
496 946 534 989 ac
557 919 765 990 verecundia
782 919 1018 1018 temperabat
1049 920 1204 994 Sic‘Cor-

124 1012 249 1103 nuliam
276 1016 523 1117 Gracchorum,
543 1016 592 1102 sie
615 1016 785 1089 Aureliam
813 1017 983 1106 Caesaris,
1009 1018 1057 1092 sic
1078 1019 1233 1117 Atriam
1304 1023 1305 1027 ’

212 1203 294 1273 euius
316 1200 460 1283 probatis
476 1204 672 1283 spectatisque
693 1234 730 1247 -·
751 1203 875 1281 suboles]
911 1200 985 1276 cod.
1004 1181 1102 1264 vind:
1130 1204 1205 1264 Eoo.
1256 1252 1259 1259 ,

127 1280 197 1350 'ante
211 1282 302 1362 -Lips
322 1281 461 1342 exhibent
478 1281 608 1357 soboles,
635 1304 720 1361 quam
747 1285 920 1364 scripturam
933 1285 1119 1359 ,deteriorem
1140 1306 1205 1349 esse

129 1358 238 1423 docent
264 1363 381 1434 Waltb.
403 1364 438 1422 ad
459 1364 527 1422 Tac.
542 1368 626 1422 Ann.
646 1368 696 1438 111,
717 1367 765 1425 43.
795 1364 1038 1446 et'Ba'umgarten
1059 1399 1093 1410 -·
1118 1365 1205 1427 Crus.

109 1442 162 1503 'in
188 1444 249 1502 lud.
276 1447 312 1503 ll.
341 1443 458 1503 Latinit.
488 1442 609 1503 Sueton.
640 1468 668 1526 p.
700 1450 769 1504 720.
826 1447 975 1507 Probatus
1003 1458 1033 1506 et
1057 1458 1207 1530 spectatus

102 1578 105 1583 .
129 1524 336 1605 (dampnatus)
365 1526 504 1585 dicuntur
528 1526 564 1585 de
593 1525 732 1600 metallis,
763 1539 913 1607 quaeant
940 1528 1008 1609 igne
1036 1541 1085 1586 aut
1111 1528 1205 1608 lapide

128 1605 227 1691 Lydio
254 1607 463 1687 explorantur,
482 1606 557 1665 'item
587 1607 622 1666 de
650 1607 875 1686 nummis,.qui
904 1609 1028 1688 spectari
1056 1609 1206 1687 dicontur,

133 1691 222 1747 'uum
251 1687 443 1769 explorantur
468 1686 557 1783 probi
580 1686 639 1746 sint
666 1710 776 1761 necnec
809 1690 885 1748 Tum
908 1711 960 1768 per
986 1690 1210 1752 translationem

129 1711 168 1829 de
189 1768 277 1829 rebus
297 1769 344 1828 vel
365 1767 551 1841 hominbus,
573 1789 647 1848 quos
667 1769 755 1828 certis
769 1769 994 1849 experimentis,
1015 1771 1114 1850 quales
1135 1771 1207 1849 sint,

130 1850 335 1932 cognovimus.
356 1851 403 1911 vd.
422 1851 494 1908 Ern.
515 1848 595 1909 Clar.
615 1848 684 1909 Cic..
697 1873 720 1915 s.
737 1861 886 1931 spectatus
901 1853 978 1932 Rup.
994 1851 1029 1910 a'd
1043 1846 1110 1912 Tac.
1128 1853 1208 1912 Ann.

130 1935 155 2006 l,
177 1936 206 1993 4.
235 1930 352 1990 nutat.
373 1930 450 1991 Diet.
472 1931 507 1990 ad
527 1931 595 1990 Ter.
615 1934 640 2005 1,
654 1935 691 2007 ¹1,
713 1939 760 1996 64.
781 1931 873 1993 Lucil.
893 1954 937 2013 ap.
959 1933 1036 1992 Non.
1056 1935 1144 1993 Marc.
1169 1937 1206 2009 V,

132 2013 181 2073 60.
226 2012 319 2072 Tuam
347 2013 607 2093 prolatammilo'
633 2015 1114 2094 et,spectatamadolescentiam.
1145 2013 1208 2076 Cic.

104 2143 107 2147 «
132 2095 169 2155 de
199 2093 281 2154 Orat.
308 2099 330 2169 I,
353 2101 403 2170 27,-
429 2094 494 2173 124.
529 2104 693 2154 ceterarum
723 2096 854 2179 homines
884 2101 994 2155 artium
1023 2099 1151 2180 spectati
1178 2105 1208 2157 el

128 2176 260 2257 probati.

215 2278 260 2338 Ae
286 2301 343 2338 non
360 2280 461 2339 studia
485 2280 569 2340 modo
588 2301 730 2362 curasque
751 2315 789 2325 -
814 2281 958 2361 lususque]
994 2281 1098 2354 Quint.
1119 2285 1156 2354 X,
1178 2286 1210 2356 t,

130 2366 184 2422 29.
204 2353 233 2418 si
252 2371 404 2442 utrumque
423 2383 487 2422 curn
508 2382 579 2420 rura
600 2373 628 2422 et
649 2363 745 2420 studio
757 2359 927 2438 fecerimus.
956 2362 1069 2423 Kuehn.
1091 2363 1126 2421 ad
1147 2360 1209 2422 Cic.
1278 2400 1283 2409 ·

133 2443 224 2503 Tusc.
240 2445 277 2516 t,
292 2444 342 2517 24,
359 2448 406 2501 69.
427 2464 513 2503 euros
529 2441 663 2522 (μελέιας)
674 2443 890 2521 ‚interpretatur
904 2441 1065 2524 litterarum
1086 2442 1210 2502 artium·
1258 2437 1261 2442 ’

134 2545 194 2603 que
214 2522 327 2594 studia;
348 2523 496 2585 Eckstein.
517 2523 611 2582 studia
632 2544 696 2582 cum
718 2542 787 2581 cura
807 2533 942 2600 suscepta
963 2533 993 2580 et
1013 2523 1091 2582 serio
1111 2524 1210 2582 trans-

135 2616 224 2676 actap
235 2603 322 2663 Bacb.
340 2605 446 2678 studia,
467 2604 496 2661 in
514 2603 620 2682 quibus
635 2601 720 2683 pueri
735 2625 800 2661 cum
816 2624 885 2661 cura
899 2615 1069 2673 versantur3
1090 2605 1210 2662 Stram-

134 2685 217 2746 beck.
245 2697 344 2745 ernste
373 2684 639 2766 Resclrttltigungen
667 2696 699 2744 et
722 2685 823 2743 studia
842 2683 1036 2759 Uuterricht.
1062 2684 1166 2759 Quint.
1186 2688 1210 2758 1,

137 2773 188 2841 12,
209 2769 237 2828 4.
280 2767 365 2846 Quae
389 2771 417 2826 si
437 2769 511 2825 velut
530 2762 582 2823 sul
604 2788 660 2824 uno
682 2776 790 2824 corratu
816 2762 877 2825 lam
905 2764 1022 2824 diversa
1042 2777 1150 2846 parent
1168 2769 1211 2824 si-

104 2875 110 2893 ι
137 2851 215 2921 niul,
241 2868 291 2907 cur
313 2869 370 2907 non
393 2849 525 2928 pluribus
552 2851 629 2906 euris
655 2847 744 2906 horas
764 2848 958 2926 partiamur?
995 2848 1041 2907 De
1062 2848 1138 2928 plur.
1161 2868 1210 2906 re-

136 2933 289 2990 missiones
306 2929 362 2997 ud.
383 2941 481 3006 annot.
503 2929 538 2987 ad
558 2927 633 2988 Dial.
654 2931 682 2989 4.
711 2928 802 2988 Roth.
819 2929 855 2988 ad
875 2927 974 3008 Agris.
996 2950 1031 3006 p·
1046 2934 1113 2989 113.
1142 2929 1211 2988 'fao

135 3010 237 3092 Agris.
260 3015 287 3068 9.
328 3011 395 3068 Iam
423 3031 488 3069 aero
513 3020 650 3088 tempora
670 3029 809 3069 curarum
830 3013 1087 3089 remissionumque
1108 3009 1212 3067 diceba.

138 3093 244 3166 Quint.
264 3094 338 3164 ta,
362 3089 491 3149 11.·Cic.
512 3091 548 3149 de
572 3091 711 3166 Oratll,
726 3096 831 3166 ‚6,:22.
855 3089 898 3150 ad
916 3111 1030 3149 omnem
1050 3093 1144 3148 animi
1162 3110 1211 3148 re-

136 3176 303 3233 missionem
322 3172 486 3252 ludumque'
498 3172 682 3231 descendere.

140 3314 144 3322 ·
221 3268 386 3334 Corneliam
409 3275 637 3351 Gracchorum}
658 3264 726 3332 Fuit
747 3263 791 3332 P.
805 3269 895 3331 Corn.
916 3271 1063 3352 Scipionis
1085 3269 1214 3331 Africani

113 3382 118 3391 ·
137 3356 257 3416 maioris
278 3355 352 3430 filia,
374 3357 419 3413 Ti.
441 3357 595 3434 Sempron.
618 3354 744 3413 Gracchi
763 3373 858 3428 uxor,
882 3353 928 3410 Ti.
950 3365 981 3412 et
1001 3351 1035 3414 C.
1055 3354 1213 3432 Sempron.¹

115 3437 343 3510 ,Gracchorum
370 3449 478 3510 mater,
508 3437 587 3494 inter
611 3435 731 3494 feminas
761 3455 829 3494 suae
856 3435 956 3493 aetatis
984 3435 1023 3493 ob
1051 3435 1212 3494 castitatem
1262 3498 1269 3510 ι

140 3532 170 3580 et
197 3519 236 3578 ob
263 3517 351 3577 animi
384 3517 552 3599 ingeniique
578 3516 781 3596 praestantiam
809 3537 824 3573 a
847 3515 1041 3594 scriptoribus
1071 3514 1213 3574 Romanis¹
1306 3514 1309 3519 ’

138 3600 262 3661 maxime
283 3598 441 3674 celebrata,
471 3619 545 3676 quae
568 3599 603 3657 de
633 3597 762 3655 filiorum
782 3597 953 3656 educatione
976 3608 1006 3655 et
1027 3595 1214 3654 institutione

138 3681 286 3764 praeclare
299 3679 415 3738 meruit.
446 3676 506 3737 Cic.
528 3679 618 3736 Brut(
632 3684 682 3752 27,
708 3680 774 3737 104.
813 3679 882 3736 Fuit
895 3677 962 3753 [Ti]
978 3677 1131 3736 Gracchus
1146 3675 1213 3734 dili-

136 3766 241 3839 genitia
262 3762 416 3820 Corneliae
436 3763 542 3821 matris
560 3780 580 3833 a
599 3779 689 3839 puero
711 3760 814 3817 doctus
837 3768 865 3815 et
883 3759 1008 3816 Graecis
1028 3759 1215 3815 litteriseru-
1263 3774 1265 3778 ’

139 3845 228 3904 ditus.
259 3848 309 3915 58,
330 3847 399 3900 211.
449 3842 588 3914 legimus
605 3841 743 3921 epistolas
764 3839 919 3898 Corneliae
941 3841 1046 3896 matris
1067 3838 1215 3897 Graccho-

140 3947 223 3984 rum:
252 3920 471 4005 apporetfllr'os
493 3944 549 3979 non
569 3931 631 3979 tam
652 3925 682 3979 in
698 3925 812 3994 gremio
833 3919 973 3978 educatos
991 3940 1079 3999 quam
1103 3922 1134 3977 in
1153 3939 1216 3976 ser·
1270 3949 1272 3954 ·

141 4025 227 4067 mone
249 4007 363 4062 matris.
399 4002 503 4077 Quint.
523 4006 547 4075 I,
572 4006 601 4076 1,
622 4008 650 4060 6.
699 4001 781 4062 Nam
809 4001 1013 4060 Gracchorum
1037 4002 1217 4081 eloquentiae

140 4089 264 4151 multam
284 4086 437 4144 contulisse
458 4087 621 4163 actcepimus
642 4082 809 4159 Corneliam
836 4092 982 4153 matrem,
1009 4085 1057 4141 eui
1082 4082 1218 4139 doctissi-

140 4182 207 4230 mus
222 4189 319 4227 sermo
340 4171 369 4226 in
387 4176 522 4248 posteros
542 4185 658 4246 quoque.
671 4166 802 4245 epistolis
823 4173 867 4223 est
884 4163 1021 4223 traditus.
1063 4161 1218 4241 Sedsquae
