2634 4656
189 237 271 324 ,272
333 224 336 231 ⁴
407 224 411 234 ’
457 279 459 284 -
526 229 683 315 Dialogus
703 231 743 293 de
766 227 950 307 Oratoribus

203 386 321 476 oritur.
372 371 482 479 Quem
514 384 603 457 enim
633 399 797 458 oratorem
830 381 1149 471 Lacedaemonium,
1181 412 1277 484 quem

179 504 183 513 ⁴
204 487 395 560 Cretensem
410 484 620 600 accepimus?
645 511 785 582 quarum
805 483 972 557 civitatum
993 484 1204 557 severissima
1229 484 1278 559 di·

204 576 345 688 sciplina
371 599 403 658 et
431 583 656 659 sevemssimae
679 582 769 682 leges
791 581 976 656 traduntur.
1023 583 1097 656 'Nee
1121 582 1301 659 Macedo.

204 713 287 762 uum
310 682 447 787 quidem
469 712 507 758 ac
531 684 709 758 Persarum
725 700 783 789 out
800 683 899 756 ullius
924 681 1051 781 gentis,
1079 710 1168 785 quoe
1191 700 1279 759 certa

145 913 150 921 x
205 874 241 934 ln
260 893 290 935 v.
309 873 446 932 servitute
466 868 645 931 emendando
665 883 781 952 praeter
800 868 1001 931 necessitatem
1024 867 1200 935 laborarunt
1217 868 1277 935 edi·

204 966 287 1016 tores
306 951 431 1014 consilio
450 950 590 1011 orationis
606 953 785 1014 Maternime
800 973 862 1012 non
880 963 961 1012 recte
977 966 1144 1034 perspecto.
1165 952 1276 1023 Pithoe.

205 1040 268 1096 eine
288 1038 444 1095 seueritate
472 1033 573 1122 posuit
593 1034 728 1095 interitu
749 1046 857 1116 recept.
879 1055 895 1095 e
916 1032 989 1095 Cod.
1009 1035 1089 1107 Por.;
1121 1035 1278 1098 Rauchen-

169 1130 172 1137 ‘
208 1117 295 1180 stein.
314 1115 439 1178 coniecit
457 1120 519 1175 sine
537 1121 696 1178 securitate
717 1117 782 1177 coll.
803 1139 847 1197 cp.
866 1121 929 1187 11.;
954 1115 1045 1177 Orell.
1059 1120 1123 1177 sine
1137 1122 1277 1197 sanitae,

180 1248 182 1253 .
207 1200 235 1262 ei
254 1199 324 1281 quid
344 1199 464 1259 omnino
482 1199 667 1270 mutandum
684 1203 752 1259 ‘sine
769 1201 889 1259 lenitate
908 1197 1102 1281 Peerlkamp.;
1123 1204 1188 1263 sine
1208 1221 1277 1266 san-

207 1286 308 1344 ctitate
325 1281 423 1341 Boett.
442 1279 473 1339 in
494 1292 604 1340 annott.
625 1282 659 1341 ad
673 1280 749 1342 Dial.
770 1279 849 1343 etin
870 1292 1024 1341 comment.
1044 1282 1081 1343 de
1100 1281 1154 1344 vit.
1172 1293 1203 1343 et
1221 1302 1276 1344 rer.

205 1365 274 1425 Tac.
292 1386 320 1445 p.
343 1369 409 1433 86.;
439 1363 543 1422 Heum.
572 1385 619 1423 vv.
647 1367 710 1429 sine
736 1365 873 1422 servitute
904 1360 1002 1423 eiectis
1031 1362 1192 1424 coniunxit
1215 1368 1276 1426 eino

206 1447 339 1529 obsequio
361 1454 538 1515 contumaa3
559 1445 635 1528 Aug.
656 1445 799 1505 Wittich.
818 1444 848 1504 in
870 1457 1024 1505 comment.
1044 1446 1081 1506 de
1101 1458 1179 1508 auct.
1201 1446 1274 1508 Dial.

206 1551 235 1611 p.
253 1534 323 1590 262.
350 1531 412 1586 eine
433 1531 553 1594 virtum
580 1527 695 1604 Schola.
720 1526 833 1588 Dronk.
855 1539 885 1587 et
906 1526 998 1588 Orell.
1025 1531 1195 1596 seruitutem
1221 1527 1275 1591 lto-

157 1610 176 1642 *
207 1620 291 1672 nesta
310 1608 461 1692 significat.
477 1608 535 1668 acci
557 1608 638 1684 lunt,
668 1621 703 1669 ut
723 1609 763 1670 sit
783 1607 948 1668 obedientia
975 1629 1043 1691 erga
1065 1598 1147 1692 leges
1168 1622 1200 1672 et
1217 1631 1275 1672 me-

227 1692 363 1753 'stratus:
393 1691 435 1752 sic
456 1702 501 1750 est
547 1690 582 1750 ic.
611 1712 654 1751 or.
668 1707 726 1772 'pn
750 1690 846 1751 Plane.
869 1696 917 1750 30.
942 1694 1065 1752 servitus
1093 1691 1203 1772 officii,
1232 1715 1274 1774 pr.

250 1773 285 1835 el.
314 1780 363 1834 32.
390 1794 489 1833 servus
514 1777 686 1854 potestatis,
721 1773 824 1848 Quint.
847 1774 882 1847 ll,
907 1777 956 1846 16,
978 1776 1006 1832 9.
1040 1779 1273 1848 seroitue'iuris3

207 1856 313 1939 quibus
333 1868 428 1916 tomen
449 1853 521 1914 locis
542 1854 614 1914 nihil
635 1854 752 1936 probari
773 1854 812 1915 ait
834 1853 999 1929 Eekstein.‚
1027 1855 1095 1937 quia
1116 1856 1220 1934 iniis,
1244 1869 1275 1918 ut

206 1960 322 2022 semper
349 1959 385 1999 eo
407 1935 571 2012 vocabulo2
595 1937 674 2015 servi
694 1937 824 1998 conditio
844 1936 1027 2018 significetur
1051 1958 1106 2019 per
1125 1939 1274 2021 metapho-

206 2042 268 2082 ram
289 2020 324 2079 ad
354 2018 446 2079 simile
466 2017 535 2098 quid
562 2018 717 2098 translata,
747 2031 777 2080 et
797 2017 881 2099 quia,
909 2018 1021 2080 etiamsi
1038 2019 1195 2083 honestem
1212 2041 1272 2083 voc.

208 2106 305 2162 servit.
325 2096 642 2182 signil'concedamus,
655 2123 696 2176 ea
715 2121 813 2162 carere
828 2100 1025 2182 potuissemus
1047 2102 1086 2163 ob
1107 2124 1173 2165 voc.
1195 2103 1273 2165 olore·

225 2187 317 2257 aium,
338 2183 418 2262 quod
437 2181 513 2241 idem
530 2176 681 2262 significet.
722 2183 902 2251 Sententiam
921 2181 950 2241 h.
970 2182 989 2242 l.
1011 2185 1121 2266 optime
1134 2184 1275 2248 intellexit

207 2207 392 2327 dtrodtbeck.
419 2263 450 2322 in
480 2275 634 2324 comment.
659 2264 813 2324 Maternin.
837 2285 954 2346 person.
974 2265 1048 2326 volt.
1069 2265 1147 2328 iram
1169 2291 1199 2350 p.
1220 2272 1273 2343 1⁸,

206 2347 292 2415 cuius
320 2345 471 2427 explicatio
497 2343 618 2425 probata
646 2358 692 2407 est
716 2346 862 2409 Eckstein.
891 2357 922 2407 et
941 2347 1065 2409 Baebio:
1101 2349 1273 2423 »Disserere

206 2425 454 2510 ¹euim'llluternus
475 2427 595 2509 perinde
621 2449 654 2489 ac
683 2429 708 2489 si
733 2429 764 2489 in
791 2429 864 2491 vitio
892 2441 971 2490 esset
994 2451 1096 2492 vocare
1123 2432 1272 2509 servitute,

204 2533 277 2575 vere
296 2510 392 2571 illudit
413 2509 596 2588 edversario,
617 2509 699 2572 cuine
716 2532 879 2572 sermonem
893 2509 1040 2588 imitetur,
1060 2513 1171 2596 quippe
1190 2534 1273 2597 quen

207 2593 313 2656 servile
333 2615 418 2652 suum
439 2592 588 2675 ingenium
614 2614 679 2653 cum
696 2592 827 2657 ¹ridicula
849 2594 969 2677 quadem
997 2594 1214 2679 pinguetudine
1230 2594 1273 2660 el·

83 2680 86 2690 '
130 2706 132 2711 ·
204 2678 313 2739 fantem
331 2674 468 2735 inducit«
504 2697 507 2701 ·

290 2775 384 2856 Quem
401 2777 477 2833 enim
498 2768 645 2834 oratordm
665 2773 929 2835 Lacedaemonium
943 2775 1015 2859 etc]
1037 2775 1099 2839 Cic.
1117 2778 1205 2839 Brut.
1220 2782 1271 2854 13,

206 2862 257 2920 50.
298 2857 372 2938 Quis
399 2859 480 2915 enim.
502 2866 554 2916 aul
581 2855 722 2930 Argivum
750 2867 898 2916 aratorem
929 2869 982 2918 aut
1017 2859 1203 2921 Corinthium
1222 2850 1272 2923 aa

207 2939 376 3002 Uerianum
403 2942 459 2997 scit
478 2935 573 3016 fuisse
600 2938 775 3018 temporibus
802 2940 884 3000 illis?
901 2945 969 3001 misi
990 2941 1067 3023 quid*
1087 2943 1125 3002 de
1151 2943 1273 3026 Epami·

179 3022 323 3097 munda,
348 3021 429 3080 docto
458 3020 588 3094 homine,
615 3023 761 3102 suspicari
785 3022 862 3081 libet.
912 3024 1182 3103 Lacedaemonium
1208 3044 1272 3087 aera

97 3146 99 3154 ·
206 3125 297 3186 usque
325 3102 368 3162 ad
394 3103 449 3161 duo
476 3114 596 3184 ternpus·
617 3101 718 3162 audiui
734 3100 830 3181 firisse
858 3110 1009 3167 neminem.
1050 3092 1152 3183 Quem
1168 3101 1273 3171 locata

118 3202 131 3244 .’
205 3192 363 3249 annotante
378 3182 494 3245 Ruhnk.
513 3183 639 3244 imitatus
660 3196 705 3244 est
718 3183 792 3244 Vell.
807 3187 868 3247 Pat.
882 3191 905 3264 l,
921 3194 968 3250 18.
1011 3189 1078 3249 Una
1090 3188 1161 3250 urdo
1174 3188 1274 3253 Auta

203 3269 334 3353 pleribus
360 3271 444 3326 annis
469 3268 648 3350 eloquentiae
669 3277 757 3350 qnam
783 3274 915 3331 universa
939 3270 1067 3331 Graecia
1087 3272 1190 3353 operib

199 3352 324 3435 floruit,
356 3348 431 3419 adeo
458 3359 490 3408 at
517 3369 641 3431 corpora
663 3352 761 3424 ¹gentis
786 3346 863 3414 illius
881 3363 1024 3435 separata
1051 3357 1112 3414 rint
1137 3358 1172 3416 in
1190 3289 1273 3429 m

206 3437 354 3508 civitates,
382 3434 500 3506 ingenia
518 3451 583 3490 aero
603 3432 673 3491 solis
691 3431 815 3492 Athenis
841 3437 944 3496 clausa
971 3438 1131 3497 existimer.
1177 3435 1213 3503 N

193 3538 274 3599 ¹aero
294 3515 348 3574 hoa
367 3516 461 3588 magii
481 3516 604 3572 miratus
617 3516 677 3573 'eim
703 3533 790 3597 quam
809 3521 951 3577 neminem
971 3517 1134 3594 Argiuum,
1158 3450 1271 3585 diez

206 3619 296 3672 num,
323 3596 588 3657 lacedaemonium
609 3607 757 3657 oratorem
776 3610 848 3675 aar,
876 3600 944 3660 dnm
969 3603 1060 3674 uiuit,
1089 3604 1268 3673 annotante,
1306 3644 1310 3665 ,

1250 3506 1253 3511 -
1307 3434 1312 3531 l

1306 3560 1312 3619 t

206 3692 260 3741 aut
277 3689 345 3760 post
366 3687 486 3736 mortem
510 3678 626 3751 dignum
648 3681 790 3738 memoria
811 3685 1019 3765 existimatum.
1040 3682 1148 3758 Quint.
1170 3685 1209 3760 Il,
1225 3686 1266 3755 16,
1310 3724 1312 3731 ι

205 3770 235 3824 4.
264 3781 353 3842 eoque
374 3769 403 3818 et
423 3757 646 3839 (eloquentium)
665 3760 962 3824 Lacedaemoniorum
984 3768 1102 3826 civitate
1122 3767 1266 3850 expulsam

207 3866 232 3904 c.
252 3854 350 3903 annot.
370 3841 465 3922 Spald.
484 3844 533 3916 ΙΙΙ,
554 3849 584 3916 7,
605 3846 651 3901 24.
699 3843 798 3902 Minus
823 3845 1043 3908 Lacedaemone
1069 3849 1174 3909 studia
1199 3850 1267 3909 aaa

164 3968 166 3979 .
205 3925 307 3986 riorum
328 3945 414 4007 qnam
436 3925 559 3983 Athenis
579 3925 696 3982 honoris
713 3926 906 3988 merebuntur.
934 3930 1163 3993 Westerm.·G.
1184 3930 1266 4012 dgr·

23 4056 28 4065 .
115 4045 117 4051 ,
204 4009 355 4089 neor

289 4107 350 4168 Nea
368 4104 563 4167 Macedonum
589 4104 702 4247 paidom
722 4127 759 4166 aa
782 4106 943 4170 Feriarum
974 4121 1029 4172 out
1048 4112 1138 4175 ullius
1164 4103 1266 4190 garait]

148 4232 153 4242 .
196 4189 340 4254 Ernestio
368 4211 405 4252 ne
422 4209 488 4274 pro
517 4207 567 4249 neo
602 4197 656 4250 eet.
676 4185 768 4251 Codd.
795 4202 825 4253 et
853 4192 1057 4276 plerarumque
1086 4194 1162 4258 Edd.
1183 4190 1291 4259 nomi·-
