2634 4656
182 257 227 317 92
319 252 321 257 ’
504 251 663 335 Dialogus
683 252 721 313 de
745 250 930 313 Oratoribus
965 206 969 213 ⁵

181 406 308 506 inquit,
338 406 500 479 sermonis
526 406 591 479 mei
612 400 849 505 poenitentiam
874 430 957 499 ago,
983 428 1094 500 neque
1119 416 1177 473 aut
1204 400 1264 474 Se-

66 499 72 505 *
149 527 151 530 ‘
182 505 330 579 cundum
356 523 417 576 aut.
434 507 625 577 Maternum
651 522 706 577 aut
728 521 760 577 te
780 503 891 603 ipsum
918 503 1029 601 Aper,
1070 526 1264 599 quanquam

181 604 350 679 interdum
370 604 405 675 in
433 604 634 676 contrarium
668 602 839 701 disputes,
874 600 968 672 aliter
996 599 1120 673 sentire
1147 599 1265 673 credo.

181 704 233 776 Ac
258 702 353 774 velim
372 703 582 803 impetratum
608 701 652 774 ab
678 700 789 800 aliquo
806 716 970 787 vestrum,
995 702 1032 771 uf
1057 708 1179 771 causas
1203 697 1266 771 hus

181 801 235 875 ius
262 800 410 874 infinitae
436 800 645 873 differentiae
666 816 832 873 scrutetur
857 827 894 887 ac
919 797 1056 883 reddat,
1084 823 1171 897 quas
1196 822 1266 869 me-

183 928 257 974 cunt
290 900 363 999 ipse
396 899 594 999 pierumque
626 897 798 997 conquiro.
856 897 900 970 Et
934 895 1027 995 quod
1059 894 1267 993 quibusdam

182 997 300 1071 sofatio
327 1015 394 1084 est,
429 997 511 1073 mihi
536 1013 636 1092 auget
656 997 911 1096 quaestionem,
941 996 1018 1094 quia
1041 993 1140 1066 video
1166 996 1267 1069 etiam

184 1096 296 1169 Graiis
318 1096 491 1184 accidisse,
512 1111 550 1167 ut
570 1095 703 1192 longius
728 1094 816 1167 absit
838 1094 882 1167 ab
903 1094 1070 1183 Aeschine
1094 1108 1127 1172 et
1141 1094 1268 1166 Demo·

97 1248 102 1257 “
182 1233 261 1314 Lips.
282 1243 332 1292 aut
350 1222 543 1294 contenderes.
564 1245 652 1315 atqua
671 1231 704 1290 id
724 1253 756 1293 oo
778 1232 864 1291 orado
886 1228 1054 1306 audacius,
1075 1240 1127 1290 aut
1147 1238 1268 1289 contem

185 1315 269 1374 dares
286 1335 392 1395 parom
423 1317 560 1395 antiquis.
589 1335 622 1372 oo
648 1313 736 1372 oredo
759 1314 906 1373 audacius
933 1313 1011 1396 quod
1037 1314 1162 1387 maligni
1180 1316 1212 1370 in
1232 1314 1269 1371 iis

92 1404 95 1415 ’
182 1400 363 1476 ορίηἰοηεηι,·
380 1416 419 1455 ex
441 1395 485 1453 his
504 1395 599 1454 Rhea.
619 1405 649 1454 et
665 1394 744 1474 Lips.
767 1394 944 1455 coniecturis
964 1393 1109 1475 vulgatam
1128 1391 1270 1453 conflavit

181 1478 277 1552 Pitin,
308 1499 392 1555 quam
413 1476 524 1556 primns
545 1475 657 1555 recepit
677 1476 748 1534 Ern.
769 1488 799 1535 et
821 1488 884 1535 turn
913 1487 1034 1537 recentt.
1056 1474 1162 1555 Opinio
1180 1476 1269 1534 maii·

160 1563 305 1634 'quitatis
331 1555 554 1638 (Scheefsucht)
583 1557 601 1614 i.
632 1578 659 1636 q.
689 1555 818 1637 suspicio
847 1557 982 1641 malign,
1011 1567 1047 1615 ut
1072 1554 1219 1636 Diafcp.
1240 1562 1268 1615 2.

183 1642 310 1714 maligno
331 1641 463 1720 opinari,
476 1664 479 1670 ·
493 1659 537 1718 cp.
559 1642 609 1698 23.
630 1641 678 1697 25.
701 1641 872 1719 malignitas
892 1650 921 1698 at
938 1638 1070 1713 inuidia,
1095 1639 1270 1711 malignitas

60 1771 65 1779 ,
183 1721 263 1782 Hiar.
286 1723 307 1793 f,
331 1725 357 1778 1.

266 1804 406 1862 sermonis
427 1803 487 1860 mei
501 1802 710 1881 poenitentiam
725 1799 800 1883 ago]
842 1801 1059 1861 Paenitentiam
1073 1800 1165 1875 agira
1182 1797 1268 1861 Curt.

182 1885 262 1957 fof,
283 1880 314 1957 8,
336 1888 385 1942 23.
422 1885 536 1962 Zumpt.
566 1880 692 1956 Quintil.
720 1883 771 1955 fX,
793 1889 824 1958 3,
849 1888 895 1943 12.
928 1882 1002 1942 Pfin.
1025 1882 1099 1961 Epp.
1125 1883 1197 1954 .fo,
1223 1885 1281 1943 1⁰.

182 1984 273 2040 agere
290 1967 498 2044 poenitentiam
516 1966 721 2043 poenitentiae.
762 1964 882 2023 Petron.
906 1984 950 2044 cp.
970 1967 1036 2023 132.
1056 1964 1269 2042 poenitentiam

183 2065 273 2119 agero
292 2048 433 2104 sermonis
453 2047 512 2102 moi
538 2048 618 2125 coepi
637 2042 706 2123 ibiq.
728 2045 829 2113 Burm.
856 2066 911 2104 uec
932 2044 959 2103 h.
979 2043 998 2102 f.
1019 2042 1183 2104 immemor.
1214 2044 1269 2103 Ilia

181 2147 279 2185 sermo
301 2146 381 2184 mens
400 2137 445 2185 est
466 2125 695 2206 intelligendus,
725 2122 776 2204 qui
796 2126 942 2186 neminem
969 2125 1026 2185 hoc
1045 2136 1180 2206 tempore
1200 2145 1269 2185 ora·

182 2219 279 2267 torem
301 2227 365 2265 esse
386 2207 588 2266 contendebat.
684 2230 688 2237 ¹
1267 2235 1276 2243 ·

154 2320 156 2323 ·
262 2308 427 2370 quanquam
457 2309 544 2369 saepe
573 2291 603 2346 in
624 2291 804 2348 contrarium
826 2286 971 2369 disputes]
1012 2285 1129 2368 Dialog.
1150 2307 1195 2367 cp.
1219 2287 1269 2347 24.

182 2389 297 2429 sumere
319 2369 376 2427 sibi
394 2369 614 2428 contradicendi
629 2379 749 2449 partes,
771 2369 875 2444 Quint.
893 2372 929 2442 ff,
948 2373 1002 2443 15,-
1014 2374 1061 2427 26.
1083 2378 1188 2428 contra
1208 2368 1279 2427 dis·-

180 2460 306 2532 putaro,
328 2448 389 2509 Cic.
405 2450 441 2509 de
456 2451 538 2511 Orat.
553 2451 577 2524 l,
600 2453 651 2524 34,
674 2456 739 2509 158.
760 2454 790 2509 in
806 2455 972 2510 contrarias
983 2458 1085 2530 par-tea
1107 2448 1269 2529 disputare.

183 2531 301 2590 Tacitus
322 2531 398 2589 solet
413 2552 511 2612 praep.
530 2535 561 2589 in
581 2552 647 2590 cum
663 2543 758 2590 neutr.
773 2531 906 2591 adiectiv.
924 2550 980 2611 pro
995 2528 1134 2589 adverbio
1155 2534 1271 2611 ponere

182 2612 231 2672 vd.
252 2612 291 2670 ad
310 2611 384 2670 Diaf.
406 2618 435 2671 2.
786 2670 789 2675 ,

264 2693 309 2752 Aa
330 2690 430 2772 aelim]
459 2691 501 2751 At
520 2688 613 2761 Codd.
633 2693 697 2750 Par.
726 2681 814 2750 Viud.
843 2692 896 2750 Ed.
919 2690 997 2772 Spir.
1015 2690 1131 2751 Drouk.
1153 2692 1268 2773 Osann.

184 2773 278 2851 Oreff.
300 2774 393 2832 Hand.
413 2774 501 2830 Tum.
523 2770 589 2829 Vol.
613 2774 633 2829 l.
655 2794 681 2851 p.
703 2775 772 2832 423.
805 2794 840 2832 aa
860 2785 940 2832 recto
970 2784 1037 2832 cett.
1065 2771 1160 2832 Codd.
1182 2773 1270 2849 Edd,

183 2876 249 2913 '¹³¹¹'
269 2866 340 2994 *i‘i'
361 2850 1271 3017 qpqqqngqqoq..qq..aqqqesqnqqqqnqqqqpq

206 2957 430 2996 roceaar
669 2957 1146 3007 ,uausrr1.x

183 2958 240 3076 fta.
263 3017 357 3076 Hand.
378 3015 395 3073 Ι.
415 3015 433 3074 l.
474 3016 574 3074 ³296.
803 3072 807 3081 .
911 3035 914 3040 ·
1173 3058 1177 3065 -
1241 3018 1263 3063 Τ

95 3119 98 3130 “
267 3107 299 3158 ut
317 3118 423 3157 canisae
443 3037 482 3142 -p-
503 3091 656 3179 conquiro]
682 3095 729 3154 De
749 3094 842 3156 causis
863 3097 899 3157 cf.
916 3097 992 3157 Diaf.
1008 3101 1141 3157 25-35.
1162 3094 1270 3171 Quini.

184 3179 236 3253 xl,
257 3185 287 3253 3,
306 3184 351 3236 18.
369 3176 513 3257 infinitam
526 3177 614 3235 dabat
626 3174 832 3254 dissonantiam.
863 3179 1039 3261 Plerumque
1047 3177 1065 3236 i.
1081 3199 1109 3259 q.
1127 3198 1270 3237 nonuun-

184 3281 290 3339 quam,
319 3279 421 3338 saepe,
456 3264 614 3339 persaepe,
654 3257 731 3317 sicut
754 3259 886 3340 pictique
906 3259 925 3319 i.
946 3282 974 3339 q.-
998 3258 1090 3318 mufti.
1118 3259 1184 3318 Lir.
1205 3258 1270 3332 xl..

72 3342 76 3347 ’
183 3343 233 3400 46.
255 3360 293 3397 aa
312 3337 424 3416 infestis
444 3340 572 3399 hostibus
588 3341 759 3421 piarumque
769 3337 880 3418 fideles
900 3345 989 3415 socii,
1009 3339 1156 3399 interdum
1177 3344 1270 3399 otiam

183 3424 258 3481 oinos
266 3417 357 3497 finnt.
398 3421 467 3479 Tac.
488 3421 589 3480 Germ.
612 3426 658 3480 13.
686 3430 715 3479 ot
736 3423 801 3501 ipsa
814 3423 985 3504 plerumque
996 3419 1088 3500 sama
1108 3421 1188 3481 boffa
1197 3442 1270 3505 pra·

169 3499 381 3587 *fliqantibiq
408 3499 495 3560 Baeh.
517 3500 637 3561 Wafch.
664 3501 700 3561 ad
721 3500 820 3584 Agric.
841 3525 870 3584 p.
894 3504 968 3564 108.Ι
989 3504 1068 3563 Anu.
1093 3502 1146 3579 tv,
1169 3508 1198 3563 9.
1220 3504 1270 3563 57.

184 3582 267 3644 Suet.
289 3577 371 3641 Caes.
392 3585 440 3640 62.
460 3580 529 3661 ibiq.
548 3582 646 3642 Brem.
1220 3578 1231 3585 ’

265 3661 307 3722 Et
326 3660 403 3745 quod
430 3663 600 3745 quibusdam
625 3665 732 3722 solatio
755 3673 816 3736 est,
847 3664 921 3722 milri
940 3660 1291 3749 augetquae'etionamJ‘

185 3742 337 3803 Sententia
364 3742 392 3802 h.
415 3741 433 3802 Ι.
456 3755 515 3803 est:
551 3745 641 3818 Quod
669 3745 809 3823 quosdam
835 3744 964 3820 solatur,
995 3746 1126 3804 Graecos
1151 3764 1272 3826 quoque

185 3823 221 3882 ab
240 3825 357 3902 antiqua
376 3823 560 3903 eloquentiae
579 3825 663 3883 laude
685 3825 862 3900 descivisse,
891 3826 931 3884 ita
951 3836 986 3885 ut
1005 3825 1037 3883 in
1059 3847 1160 3885 causas
1172 3826 1272 3887 *huius

186 3903 368 3963 differentiae
386 3925 447 3963 non
469 3905 591 3984 amplius
608 3904 767 3982 inquirant,
789 3906 819 3965 id
834 3906 943 3966 maiore
964 3928 1011 3967 me
1028 3904 1187 3987 eupiditate
1202 3929 1272 3967 eau-

186 4006 233 4045 aas
262 3985 459 4064 cognoscendi
485 3985 633 4061 incendit,
663 4005 717 4044 cur
745 3998 776 4046 et
799 3987 981 4050 Graecorum
1010 3999 1041 4048 et
1068 3991 1273 4049 Romanorum

185 4064 354 4146 eloquentia
371 4064 462 4126 fuerit
482 4076 629 4145 corrupta.

224 4194 228 4199 -
271 4143 391 4231 Graiis]
423 4150 533 4240 gratia·
546 4145 639 4211 codd.
666 4147 751 4208 Faru.
779 4149 843 4210 Par.
870 4149 958 4212 vind.
981 4148 1036 4211 Ed.
1063 4148 1143 4232 Spir.
1170 4150 1274 4211 Graiis
