2634 4656
477 220 767 366 omnus
943 211 946 218 ¹
1073 263 1138 326 am

66 413 203 513 copiose
230 428 262 486 ct
286 412 373 511 varie
397 430 428 486 ct
451 428 565 486 ornate
590 441 686 486 nemo
712 409 821 486 dicere
844 428 963 515 potest,
984 413 1049 487 nisi
1078 416 1138 518 qui

65 513 221 610 coguovit
254 530 403 586 naturam
439 515 616 586 humanam
651 530 683 586 et
714 513 778 586 vim
806 515 962 596 virtutum
995 515 1138 614 pravita-

64 630 199 712 temque
224 613 376 686 vitiorum
402 631 438 687 et
467 612 664 685 intellectum
692 639 822 703 eorum,
858 613 942 713 quae
967 642 1076 714 neque
1100 616 1137 690 in

64 713 243 785 virtutibus
267 741 375 812 neque
400 715 435 786 in
460 714 547 785 vitiis
573 729 795 785 numerantur.
846 715 896 785 Ex
913 715 965 786 his
986 714 1136 788 fontibus

64 814 162 884 etiam
188 812 240 884 illa
263 811 453 913 profluunt,
479 830 515 885 ut
540 811 670 886 facilius
693 811 774 884 iram
789 812 910 887 iudicis
929 812 978 886 vel
1001 815 1137 910 instiget

64 910 116 984 vel
143 910 259 1001 leniat,
287 914 343 1012 qui
369 914 451 1002 scit,
486 911 570 1011 quid
594 911 643 984 ira
667 914 726 1000 sit3
762 913 947 1013 promptius
974 913 1018 985 nd
1037 915 1136 987 mise-

24 1110 26 1115 ’
65 1079 226 1140 tetstatur
248 1078 388 1141 Sclrnrall.
411 1104 476 1142 cnm
498 1080 539 1141 sic
559 1080 785 1162 suppleverunt:
808 1083 925 1143 namin
942 1083 1055 1143 iudiciis
1066 1081 1136 1162 fere
1238 1083 1242 1097 '

63 1162 101 1220 de
124 1166 291 1245 aequitate,
316 1169 345 1222 in
368 1164 622 1224 deliberationibus
643 1164 680 1222 dc
700 1167 841 1236 utilitate,
869 1168 898 1222 in
918 1160 1136 1226 laudationibus

69 1245 106 1303 de
127 1247 278 1306 honestate
299 1247 426 1307 dicimus.
467 1249 535 1322 Quo
552 1257 653 1305 tamen
673 1245 875 1327 supplemento
891 1267 951 1304 non
976 1268 1050 1328 opus
1070 1269 1135 1309 esse

10 1331 14 1340 '
64 1338 146 1386 recte
174 1326 338 1386 iudicarunt
362 1328 495 1404 Schola,
525 1327 670 1387 Eckstein.
699 1339 729 1388 ct
749 1328 855 1402 Bacb.,
882 1328 1064 1408 quumDial.
1085 1336 1134 1391 35.

63 1408 121 1467 duo
139 1430 250 1483 genera
278 1410 488 1486 materiarum,
516 1414 669 1475 suasoriae
697 1421 726 1469 et
746 1415 977 1485 controuersiae,
1006 1432 1135 1494 commc-

22 1548 29 1557 ,
64 1504 237 1566 morentur,
260 1493 363 1566 Quint.
385 1494 421 1566 ll,
446 1498 472 1568 l,
495 1498 532 1552 10
553 1503 583 1552 et
602 1497 646 1552 11.
666 1495 817 1552 suasorias
838 1493 1046 1575 iudicialesque
1067 1503 1141 1553 ma-'

51 1576 158 1632 terias
185 1584 297 1632 tantum
324 1574 442 1646 asserat,
473 1586 503 1635 et
526 1576 575 1648 lll,
596 1577 627 1649 4,
651 1578 696 1634 16.
723 1574 778 1633 tria
805 1596 911 1656 genera
931 1573 960 1634 iu
982 1575 1041 1635 duo
1061 1597 1135 1637 cou-

63 1653 160 1713 trabat
185 1676 275 1734 eaque
296 1655 384 1716 mixta
410 1677 475 1717 csse
495 1656 578 1716 dicat.
626 1655 688 1718 Nee
707 1657 752 1715 bis
772 1654 911 1735 (Aristot.
932 1655 1018 1716 Rhet.
1041 1659 1133 1735 1,35.
1222 1712 1226 1725 ,

65 1734 127 1796 Cic.
150 1736 185 1796 dc
207 1739 267 1797 lnv.
287 1739 324 1813 ll,
347 1743 375 1799 4.
411 1737 512 1818 Topie.
535 1742 582 1798 24.
619 1726 705 1796 duct.
724 1738 759 1796 ad
780 1740 907 1808 Herenn.
930 1722 981 1812 ltt,
1002 1737 1043 1820 1.)
1069 1744 1144 1823 prei-'
1173 1785 1182 1803 .

47 1816 128 1876 dem
150 1819 340 1893 accesserim,
359 1824 415 1903 pai¹
430 1821 611 1879 laudaticum
627 1823 784 1879 materiam
803 1821 1003 1894 bonestorum,
1023 1822 1133 1883 delibe-

61 1904 189 1959 rationm
219 1904 350 1972 utilium,
381 1903 544 1962 iudicialem
564 1905 703 1962 iustarum
724 1905 890 1983 quaestione
918 1907 1061 1963 contineri
1076 1928 1133 1987 pu-

60 1993 128 2043 tant
166 1985 254 2042 celeri
280 1987 375 2058 magis
411 2005 448 2043 ne
482 1984 610 2044 rotunda
639 1987 685 2044 usi
709 1984 910 2043 distributione
937 2006 1024 2067 quam
1054 2008 1131 2050 vera.
1214 2023 1219 2034 ·

12 2079 17 2092 ⁴
59 2066 151 2124 Stant
178 2070 251 2125 enim
280 2066 490 2148 quodammado
516 2070 623 2142 mutuis
649 2068 770 2125 auxiliis
796 2070 902 2126 omnia.
945 2067 1025 2128 Nam
1048 2074 1132 2131 etin
1205 2141 1208 2146 ¹
1286 2080 1288 2085 ‘

10 2145 13 2155 '
61 2146 149 2206 laude
169 2151 283 2218 iustitia
306 2151 473 2231 utilitasque
487 2159 662 2209 tractantur
682 2158 711 2207 et
731 2152 761 2207 in
782 2151 909 2208 consiliis
929 2150 1082 2211 honestas:
1103 2160 1132 2212 et
1238 2192 1242 2205 .

60 2250 133 2288 rara
159 2231 324 2290 iudicialem
350 2234 490 2290 inveneris
517 2253 657 2304 eausam,
684 2235 713 2289 in
734 2233 814 2290 cuius
840 2253 895 2291 non
912 2243 1001 2313 parte
1020 2235 1134 2317 aliquid

60 2332 174 2384 eorum,
212 2334 286 2395 quae
320 2335 410 2391 supra
438 2314 583 2387 dixiarus,
618 2316 791 2393 reperiatur.
842 2314 923 2372 Hauc
953 2312 992 2372 ob
1018 2337 1131 2378 causam

59 2394 130 2457 Tac
153 2393 226 2453 dixit
236 2394 305 2472 fere
326 2396 432 2454 addens
453 2399 497 2453 ita
518 2405 549 2453 ut
563 2395 675 2476 plerum
695 2414 730 2452 ue
751 2427 787 2440 ·-
811 2397 996 2454 misceantur.
1054 2452 1059 2458 ,
1126 2446 1137 2461 ,

141 2480 199 2535 nisi
218 2481 267 2558 qui
285 2482 413 2551 cognouit
434 2478 498 2554 etc]
522 2475 566 2536 Cf.
589 2473 649 2534 Cic.
671 2417 709 2535 le.
728 2473 810 2535 Orat.
826 2476 848 2547 l,
867 2480 916 2548 12,
930 2481 977 2535 53.
1013 2477 1130 2558 Quare,

22 2620 25 2631 ,
59 2559 120 2616 nisi·
137 2562 186 2640 qui
206 2569 329 2618 naturas
349 2561 492 2619 bominum
523 2552 634 2637 uinique
655 2577 765 2635 amnem
796 2553 987 2616 hamanitatis
1006 2580 1131 2621 causas.-

61 2660 117 2720 (μισ
137 2661 203 2712 eas,
231 2642 333 2722 quibus
353 2651 461 2699 mentes
483 2650 535 2699 aut
560 2642 719 2698 incitantur
745 2648 798 2696 aut
818 2638 1021 2719 reflectuntur,
1045 2646 1131 2723 peni-
1176 2668 1178 2675 ’

60 2734 110 2783 tus
139 2718 339 2802 perspexerit,
369 2722 509 2798 dicendo,
537 2721 615 2803 pund
644 2722 733 2796 colet,
762 2718 904 2801 perficere
930 2726 987 2781 non
1010 2728 1130 2806 poterit.
1193 2802 1195 2808 .

60 2803 186 2864 Aristus.
208 2805 293 2865 Rhet.
315 2809 338 2879 1,
362 2811 410 2878 10,
434 2805 576 2864 12418.

23 2902 26 2911 ’
144 2886 518 2964 intellectum}Intellectus
538 2887 556 2946 i.
575 2908 600 2967 q.
622 2883 831 2967 intelligentia,
852 2883 972 2946 scientia
990 2888 1038 2949 vd.
1052 2889 1128 2951 Dial.

60 2960 520 3043 mofflunmnm
951 2975 952 2978 ‘
1149 3037 1154 3050 ,

144 3072 218 3134 quae
243 3073 332 3132 neque
359 3054 388 3109 in
412 3051 562 3109 uirtutibus
588 3071 677 3132 neqrce
702 3052 733 3107 in
762 3053 837 3109 vitiis
862 3053 1065 3131 numerantur]
1102 3054 1127 3114 E

60 3131 135 3194 Cod.
164 3136 246 3198 l'arn.
277 3153 365 3214 neque
392 3136 422 3191 in
450 3135 600 3193 tirtutibus
626 3155 670 3213 pr.
697 3130 775 3212 vulg.
803 3153 853 3192 nee
874 3136 903 3191 in
932 3154 955 3190 o.
984 3132 1081 3214 recepi
1102 3157 1127 3197 c.

59 3215 151 3276 Bekk.
171 3217 268 3276 Boett.
287 3215 402 3274 Walth.
423 3214 509 3274 Bach.
532 3216 622 3288 Rite,
644 3214 719 3274 sicut
738 3212 804 3271 inlr.
825 3235 875 3274 nee
895 3215 1065 3285 Stoicorum,
1082 3239 1127 3297 pr.
1203 3279 1214 3297 l
1286 3197 1294 3210 ⁸

59 3319 150 3380 neque
177 3301 220 3357 St.
249 3318 272 3356 c.
295 3296 409 3357 Walth.
439 3308 469 3356 et
495 3297 568 3357 Ritt.
597 3297 644 3356 vd.
666 3294 762 3355 Eekst.
783 3295 818 3355 ad
844 3309 1000 3378 utrumque
1021 3296 1128 3359 locum.
1153 3337 1157 3356 .

59 3380 249 3462 intelligenda
269 3391 337 3438 suut
354 3381 491 3457 ἀδιάφορα
511 3380 695 3451 Stoicorum,
718 3378 753 3436 de
774 3375 878 3457 quibus
902 3379 948 3438 vd.
969 3378 1029 3440 Cic.
1042 3369 1127 3443 Filtn.

58 3467 110 3545 111,
132 3469 180 3536 16,
201 3468 250 3521 53.
292 3461 436 3540 Quoniam
458 3472 556 3521 autem
578 3482 678 3533 omne,
698 3458 774 3541 quod
793 3469 836 3517 est
858 3461 978 3536 bonum,
997 3465 1124 3543 primum

17 3588 20 3592 Δ
59 3547 152 3605 locum
174 3556 272 3620 tenere
293 3545 430 3617 dicimus,
451 3565 566 3604 necesse
587 3552 646 3615 est,
666 3562 717 3600 nec
738 3542 841 3601 bonum
862 3564 923 3602 esse
942 3564 994 3616 nec
1016 3547 1127 3605 malum
1176 3549 1179 3553 ’

46 3629 133 3698 bac,
161 3627 239 3710 quod
253 3631 450 3708 praepositam
473 3627 517 3684 ael
533 3629 722 3707 praecipuum
744 3626 934 3683 nominamus.
974 3625 1023 3686 Ita
1043 3648 1077 3685 ue
1094 3628 1128 3688 id
1167 3643 1173 3655 ·

59 3707 230 3788 definimus,
265 3708 342 3790 quad
366 3707 616 3786 sit—indifferens,
646 3728 710 3765 cam
737 3709 941 3765 aestimatione
967 3651 1126 3770 mediocri:
1211 3756 1214 3761 -

59 3791 156 3874 (elaad
174 3795 247 3850 enim
269 3793 313 3848 illi
329 3793 476 3867 ἀδιάφορον
504 3790 621 3863 dicant,
648 3788 681 3846 id
700 3789 772 3846 mibi
790 3791 835 3845 ita
856 3792 999 3862 occurrit,
1028 3801 1059 3849 aa
1079 3797 1125 3852 in-

57 3871 196 3952 differens
215 3869 365 3953 dicerem).
406 3874 603 3932 Tenuemann.
626 3869 734 3929 Gesch.
755 3868 782 3928 d.
802 3868 911 3934 Philos.
940 3871 1008 3931 Vol.
1027 3876 1076 3933 lv.
1095 3897 1126 3957 p.

56 3961 127 4018 ets
151 4002 158 4015 .
504 3963 508 3971 '
737 3971 739 3976 '
938 3973 946 3985 ‘

71 4088 74 4097 .
129 3979 208 4122 liquid
226 4042 274 4096 ira
294 4036 343 4113 sit]
363 4034 472 4116 Recepi
488 4035 630 4118 egregiam
646 4034 785 4095 emendat.
802 4031 917 4093 Pithoci
936 4035 1050 4114 probat.
1062 4039 1124 4121 Eg.

57 4142 132 4206 gcro
158 4123 188 4180 iu
216 4121 378 4178 Zimmerm.
400 4118 540 4178 Zeitscb'r.
568 4115 871 4178 [Alterthumswiss.
894 4121 980 4178 1836.
1001 4120 1053 4180 Νι.
1073 4125 1124 4182 43.

56 4228 87 4286 p.
107 4204 198 4281 stu,
222 4224 311 4284 quum
336 4205 401 4261 irae
428 4211 523 4263 exstet
547 4199 579 4260 in
606 4197 698 4262 codd.
726 4200 811 4260 Fam.
838 4198 925 4260 Vind.
952 4211 1023 4263 vett.
1049 4202 1123 4262 Edd.
