2634 4656
473 258 550 343 cap.
574 252 714 323 xxxta
872 319 876 332 ,
1059 265 1123 342 aa

32 454 34 457 ·
60 411 153 486 dium
180 429 211 484 et
235 429 410 514 praecepta
433 412 646 513 prudentium
669 413 801 513 penitus
824 412 1056 505 reformident,
1074 416 1132 497 in,
1159 442 1161 447 ’
1202 402 1204 409 ’

49 512 279 614 paucissimos
315 539 433 586 sensns
475 530 512 585 et,
545 529 702 608 angustas
723 514 914 586 sententias
947 513 1125 590 detiutlant

59 611 280 712 eloquentiam
310 612 396 686 velut
419 611 586 714 expulsam
606 639 711 709 regno
736 641 815 702 suo,
849 630 904 702 ut7
934 642 1020 715 quae
1044 616 1125 689 olim

30 712 209 815 'omnium
240 713 358 786 attium
392 712 525 786 domina
556 711 777 812 pulcherrimo
808 714 963 787 comitatu
988 734 1136 816 pectora
1168 736 1173 749 “

58 881 151 941 tione.
177 883 290 943 Dronk.
318 845 443 966 intelligi
468 883 532 944 vult
557 882 629 943 illud
655 881 750 964 ipsum
774 881 837 959 ins,
867 883 945 964 quod
967 907 1039 965 qnae
1060 885 1124 948 iura

58 964 243 1047 complexum
265 967 302 1026 sit
322 966 491 1047 exposuerit
510 966 645 1026 Heinecc.
666 965 685 1025 l.
706 964 724 1024 l.
745 967 772 1023 Ι.
785 963 830 1025 tit.
848 967 884 1024 lt.
904 966 932 1048 ξ.
952 970 991 1028 24
1007 990 1080 1048 sqq„

59 1062 1124 1227 stitttttttttf‘ltflt'thitt‘tlttl·sltt‘tittllttttt

39 1234 186 1302 eumue,
215 1249 340 1309 qnorum
369 1228 527 1289 sententiae
559 1240 589 1288 et
609 1189 762 1309 opiniones
791 1216 948 1308 responsa,
977 1251 1125 1314 nunqnam

56 1321 219 1451 praecepta
243 1310 359 1393 (lustin.
387 1310 480 1370 lnstit.
501 1313 522 1378 l.
549 1309 595 1370 tit.
614 1317 642 1370 2.
670 1309 760 1391 med.)
785 1310 986 1408 appellantur,
1019 1313 1069 1371 sed
1098 1333 1124 1373 c.
1186 1335 1189 1339 ·

87 1390 148 1450 ech.
169 1392 378 1473 philosophos,
399 1414 473 1472 quos
491 1404 586 1466 tameo
606 1391 789 1472 saepissime,
816 1404 892 1467 stept
907 1392 1124 1490 philosophiam

58 1470 91 1532 lt.
119 1473 138 1532 l.
166 1479 358 1555 sapientiam,
387 1478 531 1558 sapientes
560 1474 622 1557 (vd.
647 1474 682 1533 ad
711 1473 784 1533 Dial.
814 1473 857 1555 5.)
887 1497 936 1533 mx
967 1476 1136 1556 prudentes·
1169 1483 1171 1488 ’

58 1565 153 1615 aetate
173 1568 308 1638 argentea
329 1556 484 1638 appellatos
507 1568 628 1617 coastat.
675 1558 721 1617 De
748 1555 948 1636 philosophiae
968 1556 1124 1618 studioah
1232 1603 1233 1606 ,

57 1636 228 1698 oratoribus
257 1639 390 1721 neglecto
418 1639 550 1719 queritur
577 1639 679 1714 Quint.
707 1659 824 1718 quoque
846 1641 909 1711 Xll‚
930 1645 961 1712 2,
988 1645 1016 1699 8.
1063 1639 1126 1700 Sed

58 1722 131 1803 quia
152 1720 268 1785 deserta
287 1723 325 1780 ab
346 1722 402 1796 tna,
422 1725 473 1803 qui
490 1743 522 1779 se
541 1720 584 1780 ad
602 1723 792 1804 eloquentiam
813 1723 1002 1795 contulerunt,
1024 1722 1143 1782 studia·

16 1861 20 1870 ,
57 1804 225 1883 sapientiae
246 1825 302 1862 nun
322 1807 382 1862 iarn
404 1807 523 1862 in'aetu
541 1823 594 1862 suu
614 1813 701 1886 atque
720 1806 750 1861 in
770 1803 825 1862 tae
836 1799 903 1888 spri
921 1804 985 1862 luae
1006 1824 1124 1865 uersan-¹

58 1893 128 1958 dur,
154 1884 208 1944 sed
226 1889 256 1944 in
273 1889 401 1967 porticus
423 1888 500 1943 etin
520 1890 675 1967 gymnasia
714 1887 837 1957 rimam,
868 1906 938 1944 mua
955 1888 985 1944 in
1002 1907 1124 1946 aunuen-

28 1975 109 2047 ,Μ
135 1968 301 2029 scholarum
329 1977 509 2026 recesserunt
529 1979 583 2027 ete.
623 1966 669 2028 De
690 1907 793 2026 lirrtms
815 1989 862 2025 um
889 1978 920 2026 et
946 1971 1004 2026 ium
1032 1968 1123 2051 geniti
1207 1968 1210 1973 ’

81 2046 137 2106 lur.
165 2060 231 2108 tert.
258 2049 389 2108 declinat.
416 2048 566 2132 partieipp5
592 2061 623 2109 et
646 2047 798 2110 adiectivv.
823 2048 855 2108 in
881 2052 917 2108 iss
947 2048 993 2110 vd.
1014 2050 1124 2134 Reisig.

57 2069 144 2197 i'orl.
164 2129 192 2213 ξ.
214 2137 261 2192 68.
281 2154 308 2208 ε.
323 2133 407 2191 Haas.
426 2143 524 2191 annot.
546 2137 593 2191 83.

143 2232 173 2298 ia
196 2234 386 2311 paucissimos
409 2251 508 2290 sensus
527 2227 599 2311 eta]
636 2226 681 2290 Cl.
702 2227 762 2290 cic.
791 2229 826 2289 de
856 2228 937 2289 Orat.
959 2232 981 2304 l,
1003 2234 1052 2306 ll,
1074 2234 1123 2292 16.

56 2311 151 2373 Mutat
167 2323 252 2371 erant
268 2323 425 2395 praeterea
445 2315 521 2371 clari
539 2317 568 2370 in
583 2311 768 2394 philosophia
788 2322 816 2370 et
835 2312 960 2384 nobiles,
983 2333 1003 2370 a
1023 2315 1124 2394 quibus

59 2393 193 2454 amnibus
213 2416 271 2454 una
292 2409 385 2475 paene
413 2415 477 2453 auce
497 2395 597 2475 repelli
615 2403 764 2452 oratoremv
784 2413 804 2451 a
822 2393 1026 2466 gubernaculis
1053 2398 1124 2454 airi-

59 2485 175 2552 iatum‚
205 2478 324 2536 excludi
342 2477 379 2535 ab
399 2479 478 2537 amni
501 2476 809 2554 doetrina'rerumque
830 2474 972 2535 maiarum
1000 2479 1124 2536 seientia

59 2577 99 2618 aa
119 2568 232 2618 tantum
250 2563 280 2634 in
294 2559 404 2618 iudicia
424 2568 452 2617 et
472 2557 675 2617 concianandas
694 2567 835 2637 tanquam
850 2559 879 2614 in
895 2557 1014 2639 aliquod
1020 2561 1123 2641 pistri-

58 2661 129 2700 num
150 2639 314 2713 detrudiet
333 2643 477 2722 compingi
495 2639 634 2697 videbam.
1075 2640 1076 2644 ’

39 2801 45 2806 ,
145 2733 220 2790 uelut
246 2733 398 2811 expulsam
425 2749 512 2804 regno
538 2723 623 2808 suo]
649 2724 709 2786 Cic.
738 2725 773 2785 de
803 2726 884 2786 Orat.
905 2727 1026 2810 tussa,
1055 2733 1122 2788 126.

60 2823 203 2898 quantam
224 2835 331 2878 rerum„
349 2804 536 2885 uarietatem,
566 2818 706 2892 quantam
735 2812 808 2884 rim,
835 2818 973 2891 quantam
997 2815 1122 2891 cupiam,

62 2891 187 2971 Crasse,
219 2898 384 2978 complexus
412 2915 442 2952 as
462 2896 631 2979 populisque
651 2912 688 2950 ea
717 2894 859 2965 angustiis
881 2901 1028 2966 oraturam
1051 2893 1122 2952 edu·
1223 2958 1225 2962 ⁸

61 2998 130 3039 aare
150 2998 239 3038 ausus
259 2991 336 3038 eset
355 2981 388 3037 in.
406 2979 547 3035 maiarum
562 2995 680 3033 sauram
694 2993 782 3048 regna
800 2974 962 3033 collocare!
991 2974 1039 3033 Sic
1061 2995 1122 3034 me-

60 3059 175 3142 taphur.
203 3081 320 3134 regnum
341 3057 460 3138 fiarense
489 3056 549 3118 Cic.
577 3057 649 3137 Epp.
672 3055 707 3114 ad
726 3053 803 3114 Fam.
824 3056 876 3128 lX,
902 3060 959 3127 18.‚
988 3057 1122 3118 iudiciale

58 3145 106 3225 Ep
128 3188 135 3203 .
156 3142 192 3202 ad
210 3141 299 3201 Attio.
317 3144 338 3214 Ι,
362 3146 405 3212 1.,
434 3161 552 3235 repnum
581 3159 675 3198 meum
703 3135 780 3219 (cie.
806 3136 836 3196 in
865 3135 993 3220 iudiciis)
1014 3159 1058 3197 or.
1077 3160 1121 3220 pe.

59 3165 134 3287 Sul.
156 3231 183 3283 7.
203 3246 227 3285 c.
249 3236 347 3282 annot.
366 3223 467 3283 Matth.

142 3326 216 3390 quae
239 3307 307 3372 olim
329 3310 454 3365 omniurn
476 3309 583 3364 artium
605 3297 738 3382 domina]
761 3298 821 3360 Cic.
843 3299 929 3363 offic.
948 3302 997 3375 lll,
1020 3307 1050 3377 6,
1072 3309 1121 3364 28.

59 3388 148 3451 Haeo
168 3387 307 3470 (iustitia)
328 3392 401 3447 enim
424 3407 481 3446 una
501 3391 590 3446 uirtus
610 3396 653 3444 est
672 3384 790 3443 domina
810 3392 839 3440 et
856 3386 959 3457 regina
978 3386 1123 3445 uirtutum.

23 3483 26 3491 “
61 3472 118 3533 Or.
139 3492 183 3552 pr.
204 3472 318 3530 Muren.
340 3473 385 3531 14.
415 3469 469 3529 sed
488 3473 577 3529 etiam
597 3471 662 3548 ipsa
682 3467 734 3524 ilia
754 3463 871 3524 domina
890 3487 987 3524 rerum
1006 3472 1123 3549 sapian-

61 3556 108 3614 tia
128 3574 151 3614 e.
172 3564 270 3611 annot.
291 3551 412 3627 matth,
442 3573 457 3611 a
482 3572 540 3632 qno
560 3549 692 3610 laudatur
712 3546 815 3622 Quint.
836 3546 858 3619 1,
881 3552 928 3621 12,
952 3552 997 3606 18.
1017 3549 1122 3631 flexa·
1146 3546 1149 3551 ’

24 3636 28 3647 '
59 3640 144 3696 nima
170 3644 257 3717 atque
283 3639 407 3694 amnium
436 3639 538 3709 ragina
565 3653 662 3692 rerum
690 3633 815 3703 aratia„
836 3626 901 3687 coll.
929 3628 1029 3712 Eurip.
1051 3632 1122 3691 Heus

61 3722 131 3778 816.
152 3721 237 3776 πειθώ
259 3723 287 3776 ot
308 3720 353 3788 τήν
371 3719 493 3793 τύραννον
519 3717 665 3795 ἀνθρώπων
684 3713 771 3788 μόνην.
810 3711 855 3769 De
875 3707 1036 3791 principatu
1057 3711 1143 3780 *elo-¹

60 3798 196 3881 quentiae
216 3799 262 3858 vd.
284 3796 344 3858 Cic.
365 3797 424 3858 Oli.
445 3800 481 3873 ΙΙ,
504 3804 551 3872 19,
573 3802 620 3855 66.
662 3792 742 3875 Quid
761 3795 835 3850 enirn
856 3795 1122 3875 eloquentiaprae·

58 3883 195 3942 stabilius
224 3883 268 3940 ael
291 3880 485 3939 admiratione
511 3879 689 3939 audientium
721 3877 764 3939 aet
787 3896 836 3956 spe
864 3874 1050 3949 indigentium
1079 3878 1124 3936 ael

59 3986 178 4037 aarum,
201 3955 251 4045 qui
269 3961 379 4041 defensi
395 3973 479 4037 sunt,
502 3962 627 4038 gratia?
667 3957 743 4018 Heia
764 3977 832 4031 erga
852 3977 872 4015 a
892 3959 1051 4019 maior-ilus
1070 3981 1122 4045 rpu-

58 4051 131 4107 stris
151 4055 194 4105 est
213 4049 243 4104 in
262 4055 333 4120 tuga
353 4044 503 4120 dignitatis
515 4046 695 4125 principatus
717 4040 812 4097 datus.
1135 4057 1137 4061 ’

141 4129 336 4210 pulcherrimo
350 4123 512 4206 eomitata]
528 4123 595 4185 ‘Cia
614 4124 649 4183 de
670 4123 750 4181 Orat.
773 4122 820 4193 tlt,
842 4126 872 4194 6,
892 4125 940 4179 23.
961 4141 1122 4204 quacunque

60 4210 225 4288 ingreditur·
242 4207 448 4293 (eloquentia),
470 4207 567 4290 eodem
584 4215 627 4266 est
640 4208 782 4297 instruatu
798 4213 957 4291 orrsataqua
973 4207 1114 4275 comitata
1155 4234 1168 4283 χ
1227 4264 1233 4274 χ
