2634 4656
311 202 316 210 ’
374 269 385 336 3
413 240 417 246 “
443 288 446 293 -
473 252 549 332 cap.
574 252 715 336 xxxta,
994 205 998 216 ¹
1058 253 1129 315 ran
1178 340 1183 347 ι

46 427 164 506 'quum
188 403 232 478 ad
256 429 352 477 veros
377 403 504 476 iudices
528 419 658 476 ventum
685 420 734 477 est

94 506 250 578 multum
277 504 392 604 deficit
415 507 453 575 in
478 504 738 602 exemplaribus
761 508 1095 606 puaesrepm‘uulur

38 661 113 736 ¹bns
134 677 219 734 Verr.
236 677 272 749 ll,
293 679 348 733 29.
363 684 452 744 extr.;
473 675 539 734 stilo
560 673 633 734 Plin.
654 666 727 754 Epp.
750 675 773 748 l,
795 682 824 750 8,
846 681 890 747 8.;
911 676 1000 736 latius
1020 668 1124 751 Quint.

54 761 98 832 V,
120 764 150 831 8,
169 764 213 828 2.;
242 759 330 815 latius
350 754 468 814 dicendo
489 757 524 829 ll,
548 761 577 829 6,
598 762 642 827 2.;
676 757 823 830 33311311,
843 760 874 827 4,
896 764 944 817 28.
989 759 1125 832 Ingentia

57 839 148 901 rerba
177 850 246 897 sunt
272 836 485 918 sesquipedalia
511 838 612 896 Horat.
633 843 697 896 Art.
717 849 795 919 poet.
814 860 841 896 v.
862 845 928 916 97.,
957 837 989 898 in
1017 839 1123 919 quibus

56 941 117 1004 pro
135 919 277 1002 gravitate
298 931 327 978 et
349 918 523 978 sublimitate
541 918 616 978 inest
636 942 725 979 vanus
745 931 853 979 tumor.
1056 990 1060 995 ,

88 1042 91 1047 -
142 1023 228 1082 quum
251 1001 292 1059 ad
312 1023 392 1063 veros
409 1001 519 1059 iudices
540 1012 651 1061 rentum
673 1003 725 1080 cst]
753 1003 825 1062 Post
852 1002 921 1062 haec
940 1000 1028 1063 verba
1047 1001 1124 1063 inte·

57 1096 112 1166 gra
131 1083 192 1143 fere
214 1083 316 1164 pagina
337 1083 366 1140 in
384 1080 455 1142 Cod.
475 1083 559 1140 Farn.
578 1086 665 1142 sacua
684 1083 782 1143 relicta
804 1095 848 1142 cst
866 1084 968 1144 additis
989 1082 1034 1144 his
1055 1106 1124 1145 ver-

57 1166 122 1226 bis:
145 1165 263 1224 multrim
280 1163 374 1243 deficit
395 1168 424 1223 in
445 1165 658 1244 exemplaribus
676 1167 750 1246 quae
769 1188 801 1224 re
821 1169 968 1241 criuntur,
989 1184 1066 1243 non,
1089 1178 1125 1228 ut

55 1248 137 1328 Lips.
160 1245 268 1318 relect,
296 1247 344 1304 me
366 1248 485 1306 multum
506 1244 622 1324 deficit,·
643 1245 764 1330 margini
785 1190 857 1308 blind.
878 1251 941 1331 Vat.
965 1254 1051 1308 1518.
1071 1270 1122 1330 ap-

57 1329 207 1411 positum:
230 1329 277 1387 lu’a
300 1328 402 1386 desunt
422 1349 475 1386 sen·
494 1330 629 1408 pagellae
650 1327 698 1409 (31.
716 1327 884 1410 plagulae),·
912 1329 943 1397 in
965 1327 1046 1390 eod:
1059 1326 1123 1391 vit

22 1451 25 1455 ·
52 1414 279 1472 4498331313
311 1410 358 1468 lu'a
386 1412 506 1469 multum
535 1408 649 1489 dificia·
677 1411 707 1469 in
737 1408 809 1470 Cod.
838 1411 923 1473 vind.
950 1412 1024 1472 Edd.
1045 1412 1122 1493 Spic.

22 1532 25 1536 -
55 1494 126 1553 Pur.
149 1492 214 1552 1113.
243 1490 354 1550 nullum
382 1503 427 1550 est
455 1491 571 1553 lacunae
593 1492 725 1574 signnm,
754 1493 831 1572 qnod
858 1492 969 1574 primns
994 1493 1125 1578 exhibuit

56 1573 208 1644 sternata,
239 1573 269 1631 in
291 1571 364 1632 Cod.
390 1575 454 1632 Par.
479 1573 598 1632 duarum
621 1574 667 1633 vel
695 1573 783 1633 trium
809 1573 971 1639 litterarum
999 1576 1123 1656 spatium
1202 1575 1219 1602 ⁴*

57 1667 107 1719 est
127 1655 278 1727 relictum,
311 1676 346 1713 ex
367 1655 448 1713 cuius
468 1654 636 1715 conditione
658 1655 786 1714 mutilata
805 1657 939 1737 Epgerus
961 1657 1021 1738 (vd.
1044 1658 1123 1717 Zim-

57 1759 161 1799 merm.
183 1736 324 1796 Zeitschr.
343 1736 363 1794 1.
375 1735 603 1795 'Alterthnmstu
626 1741 712 1796 1836.
734 1738 785 1813 Nr.
807 1737 871 1816 42.)
894 1760 1056 1797 mensuram
1080 1739 1122 1798 la-

58 1841 151 1880 cunae
171 1820 209 1878 113
231 1819 426 1898 computavit,
447 1829 481 1876 ut
501 1839 606 1877 novem
626 1815 711 1893 13113,
737 1818 801 1878 'sive
823 1819 1022 1900 duodeviginti
1043 1821 1123 1903 pagi-

38 1922 131 1975 333,
152 1899 180 1960 h.
198 1921 226 1960 3.
242 1913 355 1959 'sextam
377 1899 491 1982 Dialogi
512 1911 621 1980 partem
640 1900 820 1959 intercidisse
841 1913 988 1962 statueret.
1015 1902 1122 1962 Schul-

56 1984 133 2065 ting.
153 1994 183 2042 et
204 1979 365 2055 scherzii,
389 1980 438 2060 331
458 2003 545 2061 pauca
562 1974 665 2041 deesse
687 1982 821 2063 suspicati
840 1995 919 2056 sunt,
942 1983 1122 2045 coniecturas

59 2065 131 2126 satis
160 2062 287 2123 infelices
312 2063 513 2143 protulerunt,
541 2085 610 2143 3333
632 2064 677 2123 vd.
705 2063 735 2122 in
756 2064 869 2124 Schola.
895 2066 1016 2124 Excurs.
1036 2068 1122 2148 V..p.

57 2152 119 2208 175
137 2169 179 2226 33
200 2147 315 2204 Broter.
336 2145 537 2226 supplemento
561 2148 598 2204 14
618 2167 697 2226 capp.
719 2167 734 2204 3
751 2167 782 2206 33
803 2147 966 2230 excogitato
987 2142 1122 2208 1333313-

42 2226 317 2313 ,33333133313311
356 2229 458 2311 Nuper
478 2228 513 2286 de
540 2226 592 2286 hac
616 2226 732 2303 lacuna,
765 2250 834 2287 num
854 2250 955 2310 magna
979 2251 1014 2288 33
1035 2250 1122 2311 parva

58 2309 169 2390 133311,-
191 2321 220 2368 31
238 2308 407 2388 quibusnam
429 2309 685 2368 interlocutoribus
714 2331 862 2384 sermones
886 2309 975 2377 habiti
996 2311 1056 2370 sint
1073 2334 1121 2372 as-
1200 2370 1203 2374 .

30 2440 32 2445 .
58 2391 211 2474 signandi,
240 2390 386 2470 copiosius
410 2388 592 2469 disputarunt
614 2393 677 2448 VV.
699 2391 781 2465 1)1).,
805 2412 934 2470 vquorum
964 2394 1121 2454 sententiaa

59 2487 145 2554 33313
175 2472 343 2532 brevissime
365 2471 544 2530 recensuisse
559 2471 706 2538 sufficiat..
729 2474 765 2529 U.
792 2472 911 2532 Becker.
939 2473 1053 2553 epistol.
1087 2474 1121 2534 'in

60 2555 185 2615 Scehod.
211 2554 329 2613 Archiv.
360 2552 377 2611 1.
401 2552 505 2612 Philol.
526 2575 554 2610 u.
575 2553 658 2610 Paed.
681 2557 766 2611 1825.
787 2576 815 2632 p.
836 2559 919 2613 71-
932 2559 987 2614 74:
1006 2555 1122 2636 repetit.

58 2637 90 2699 13
115 2636 205 2696 03311.
225 2637 277 2696 Ed.
298 2635 371 2694 Dial.
393 2657 420 2714 p.
444 2638 604 2708 94-98.,
634 2654 759 2712 quocum
785 2634 894 2694 faciunt
919 2636 1006 2694 Bach.
1036 2650 1064 2696 et
1085 2637 1121 2699 Α.

62 2718 205 2778 Wittich.
232 2717 262 2776 in
283 2716 406 2777 Seebod.
428 2715 464 2776 N.
484 2714 602 2774 Archiv.
624 2718 659 2772 V.
679 2723 707 2775 2.
731 2739 758 2796 p.
779 2723 859 2791 261,
885 2717 1047 2798 suspicatur
1073 2721 1121 2778 lu-

23 2820 26 2826 ·
58 2801 132 2862 lium
158 2800 323 2860 Secundum
347 2799 493 2878 excepisse
522 2818 684 2869 sermonem
705 2799 855 2859 Messallae
881 2800 1121 2879 animiqne‘indi·

60 2883 138 2944 cium
158 2881 315 2963 protulisse
335 2903 351 2940 a
370 2902 429 2960 cap.
450 2879 497 2939 35.
518 2879 664 2958 usquead
684 2884 823 2960 capto,
845 2878 894 2939 nbi
914 2881 1000 2940 altera
1019 2881 1121 2943 lacuna

60 2966 149 3025 finem
171 2963 256 3023 huius
277 2963 418 3022 sermonis
442 2961 611 3036 abstulerit,
639 2961 716 3020 unde
736 2963 881 3042 usquead
902 2963 988 3022 finem
1012 2965 1122 3024 Mater·

60 3045 251 3124 boniloqui,
281 3045 331 3124 331
353 3044 549 3117 demonstret,
579 3065 715 3102 summam
741 3044 816 3103 illam
839 3044 1030 3123 eloquentiam
1057 3044 1120 3104 alu-

63 3149 160 3193 mnam
175 3127 264 3186 131333
284 3126 429 3195 113331133;
456 3147 508 3184 333
522 3125 610 3184 multa
625 3124 805 3186 intercidisse
820 3138 850 3186 et
868 3146 899 3186 33
914 3137 1025 3185 tantum
1043 3126 1120 3186 desi·

62 3209 173 3281 derasi,
195 3209 299 3288 quihus
313 3207 461 3268 Messallae
480 3207 573 3266 oratio
593 3227 657 3266 cnm
673 3207 814 3279 Secundi,
835 3220 864 3268 et
876 3208 1002 3268 Secundi
1023 3229 1120 3271 sermo

41 3286 129 3353 'cum
151 3290 274 3351 Materni
292 3290 372 3349 iusto
393 3289 516 3348 transitu
538 3288 738 3370 coniungatur.
778 3292 810 3350 ln
831 3291 947 3349 candem
970 3289 1121 3351 1333333-

59 3373 183 3435 tentiam
203 3372 360 3452 disputavit
388 3370 571 3432 Doederlein.
592 3370 791 3431 Rhein.'Mus.
814 3392 840 3432 v.
862 3371 1002 3432 Niebuhr.
1026 3374 1074 3448 lll,
1093 3378 1120 3432 1.
1187 3374 1203 3414 ἰ

61 3478 93 3537 p.
116 3460 152 3514 16
167 3477 209 3534 33.
229 3453 343 3534 repetit.
363 3453 393 3512 in
413 3453 465 3513 Ed.
487 3452 538 3513 Or.
559 3475 588 3533 p.
602 3457 639 3510 98
654 3474 714 3532 33,
736 3453 790 3513 3131
811 3455 889 3533 quod
909 3452 1043 3514 Secundo
1064 3455 1121 3514 mi-

62 3557 153 3597 nores
172 3549 268 3617 partes
288 3535 410 3608 tribuit,
441 3546 470 3593 et
496 3546 577 3614 putat
603 3536 763 3593 Maternum
780 3536 937 3616 ,excepisse
959 3536 1120 3595 orationem

61 3617 214 3679 Messallae
238 3618 286 3698 (ut
307 3618 375 3677 Zell.
396 3616 575 3676 Ferienschr.
596 3619 642 3672 111.
664 3638 691 3696 p.
712 3620 768 3676 106
785 3616 861 3697 33),
890 3618 919 3676 13
940 3637 998 3701 qpo
1020 3639 1120 3677 assen-

32 3695 183 3760 'tientem
206 3698 260 3760 sibi
287 3699 385 3758 habuit
405 3698 586 3759 Klossmann.
608 3697 741 3779 Prolegg.
760 3722 787 3778 p.
810 3706 846 3758 28
863 3721 921 3778 33.;
952 3698 1020 3757 item
1043 3699 1119 3757 Ech-

62 3781 149 3844 stein.
175 3781 309 3862 Prolegg.
337 3805 364 3861 p.
386 3786 424 3840 29
442 3802 501 3859 33,
530 3778 580 3858 331
604 3777 823 3849 inconstantiam
847 3781 881 3839 -in
905 3783 1029 3860 persona
1056 3782 1119 3839 Ma-
1208 3806 1210 3810 ·
1279 3834 1285 3854 ,

61 3864 143 3924 terni
167 3863 198 3923 in
222 3865 420 3943 prioreparte
447 3860 563 3943 Dialogi
587 3861 731 3939 antiquam
757 3860 934 3935 libertatem,
960 3861 990 3920 in
1018 3874 1119 3943 poste·
1228 3884 1233 3894 ·

62 3946 145 4006 31333
171 3945 362 4005 recentiorem
389 3942 611 4003 dominationem
630 3942 769 4002 laudantis
797 3943 875 4004 inter
901 3943 1019 4003 artificia
1046 3945 1119 4004 scri-

62 4028 160 4110 ptoris
182 4027 310 4087 reserens
338 4048 403 4086 cum
429 4022 633 4085 Strodtbeckio
658 4024 778 4083 ironiam
807 4026 926 4086 subesse
953 4024 1120 4101 arbitratur,

55 4128 151 4190 'quam
178 4129 299 4190 prorsus
323 4129 338 4166 3
359 4105 483 4168 Materni
510 4107 641 4168 oratione
672 4105 789 4167 alienam
813 4128 878 4173 3333
903 4106 1010 4166 iudicat
1033 4107 1119 4166 Wit-

63 4192 134 4253 tich.
154 4190 173 4251 l.
193 4191 211 4251 l.
240 4214 268 4272 p·
289 4198 348 4252 272
364 4213 421 4272 333
452 4187 575 4269 denique
622 4187 771 4265 Rittcrus,
799 4189 880 4253 cuius
908 4189 1119 4272 expositionem
