2634 4656
153 251 198 319 tt
481 232 640 332 Dialogus
661 247 700 309 do
723 240 924 311 Oratoribus
955 194 960 199 ι

190 460 195 483 .;
493 400 847 485 'stiur-xm·
1038 462 1051 469 ,,

252 503 397 576 Nemora
413 526 490 573 vcro
511 515 543 573 et
558 499 624 572 luci
646 518 677 573 et
695 493 858 575 secretum
874 499 1007 599 ipsum,
1034 496 1130 598 quod
1142 498 1235 598 Aper

152 600 365 717 increpabat,
391 617 518 674 tantum
550 599 632 671 mibi
662 601 809 673 afferunt
832 598 1052 698 voluptatem,
1068 614 1127 671 ·.ut
1150 597 1237 671 inter

153 727 354 802 praecipuos
379 697 563 781 carminum
588 698 716 772 fructus
741 724 932 784 numerem,
974 696 1069 795 qnod
1097 724 1182 791 non·
1199 696 1235 769 in

154 802 293 899 strepitu
315 826 377 872 nec
393 797 532 871 sedente
548 813 623 870 ante
643 798 764 871 ostium
786 796 950 893 litigatore
970 820 1033 868 nec
1055 796 1144 869 inter
1163 821 1236 867 sor-

120 954 123 960 -
156 898 217 972 (les
237 926 279 972 ac
302 896 454 971 lacrimas
478 924 612 970 reorum
638 908 902 997 componuntur,
927 892 988 969 sul
1011 894 1139 967 secedit
1152 894 1237 967 -nni-

156 1061 296 1113 nemesi
322 1054 489 1111 innocentia
516 1049 638 1130 affectio
666 1052 737 1110 talis
757 1054 867 1127 animi,
897 1072 973 1134 quac
993 1058 1102 1110 noceat
1121 1051 1238 1109 nemini.

156 1133 205 1195 Ad
221 1132 394 1193 sententiam
416 1133 452 1192 cl.
473 1132 620 1192 Ecksteiu.
638 1131 713 1192 Plin.
726 1133 840 1216 Pancg.
861 1135 910 1192 49.
933 1132 1038 1215 ecquicl
1056 1152 1129 1206 crgo
1149 1130 1239 1190 disci-

102 1276 106 1287 ,
157 1235 222 1274 mus
247 1217 464 1293 cooperimento,
482 1212 666 1293 fidissimam
695 1232 757 1272 esse
787 1214 950 1274 custodiam
976 1216 1121 1294 principis
1149 1215 1240 1293 ipsius

156 1298 362 1356 innocentiam.
385 1330 423 1345 -
464 1296 584 1361 Status,
620 1292 697 1353 het.
729 1315 929 1379 synonymum
962 1295 1023 1355 lere
1059 1292 1240 1369 securitatis,

157 1388 204 1438 est
230 1376 382 1437 commoda
408 1397 509 1436 rerum
534 1375 666 1437 conditio
696 1376 868 1452 acsalns'„
883 1370 949 1436 eine
972 1375 1095 1458 nubiger,
1126 1374 1241 1435 richere

156 1458 242 1549 Lege.
284 1455 347 1518 Cic.
367 1479 412 1537 pr.
433 1457 510 1518 Sest.
531 1479 576 1538 cp.
600 1463 627 1517 1.
648 1458 774 1516 salutem
796 1478 881 1517 srtnm
903 1461 933 1516 in
955 1458 1113 1519 discrimen
1130 1456 1241 1535 'affirm

176 1560 215 1598 ro
236 1548 318 1598 stetu
340 1542 468 1597 civitatis
489 1548 517 1597 et
536 1560 591 1620 pro
614 1541 761 1597 communi
779 1541 923 1598 libertate.
943 1538 1007 1597 Liv.
1028 1538 1170 1613 ΧΧΧΝ,
1192 1540 1241 1597 61.

186 1641 226 1679 ac.
256 1623 335 1678 Ann.
355 1620 406 1694 Ill,
426 1626 475 1678 28.
507 1622 663 1679 multorum
695 1622 788 1678 excisi
810 1626 915 1679 status.
945 1619 1044 1702 Agric.
1067 1625 1094 1678 7.
1127 1628 1239 1678 statum

159 1700 240 1763 urbis
266 1700 318 1759 nbi
344 1701 392 1759 vd.
420 1700 541 1760 Walcb.
562 1699 709 1761 Boetticb.
728 1701 798 1760 Lex.
821 1702 889 1760 Tac.
914 1722 937 1760 s.
957 1722 986 1761 r.
1027 1698 1157 1783 Egregie
1179 1696 1241 1761 Cic.

138 1783 246 1853 ,offis
266 1783 303 1856 ΙΙ,
328 1783 373 1842 14.
394 1782 534 1857 ostendit,
554 1803 616 1842 non
637 1781 734 1842 solnm
753 1781 964 1863 periculosum,
986 1782 1044 1841 sed'
1068 1781 1155 1840 ctiam
1176 1800 1242 1841 snr-

160 1865 260 1924 didnm
282 1863 440 1923 adsumam
459 1863 570 1940 luisse,
591 1862 754 1944 periculum
777 1862 878 1944 capitis
895 1862 1006 1922 inferre
1026 1861 1139 1921 multis.
1165 1862 1244 1923 Sen-

100 1944 101 1948 '
158 1945 280 2006 tentiam
299 1944 329 2002 h.
346 1942 365 2001 Ι.
389 1943 464 2004 bene
477 1945 605 2004 illustrat
618 1944 787 2004 Salinerius.
827 1936 1037 2025 »Respondent
1053 1943 1101 2002 bis
1120 1945 1177 2023 [cp.
1192 1944 1242 2023 5.],

73 2094 75 2098 ,
159 2027 230 2110 quid
249 2029 307 2085 erit
324 2029 430 2100 tutius,
451 2047 540 2109 quom
557 2046 622 2084 eom
640 2036 908 2097 excrementum,
928 2045 987 2108 quo
1006 2044 1122 2105 semper
1137 2018 1246 2101 wenc:

60 2144 62 2148 ,
160 2119 209 2173 tus
232 2107 416 2187 praesidium
442 2111 567 2182 amicis,
597 2127 678 2186 opem
701 2108 825 2181 olienis,
853 2108 980 2165 salutem
1005 2106 1243 2187 periclitantibus

153 2187 248 2270 steret.
290 2189 441 2254 Maternus
463 2199 596 2247 oratores
618 2188 665 2246 sui
684 2187 825 2268 temporis
847 2187 950 2249 acerbe
970 2187 1163 2270 perstringit,
1193 2185 1244 2267 qui

159 2270 218 2331 toti
238 2268 432 2330 delationibus
451 2268 597 2330 vacabant.
633 2269 720 2348 Ego,
740 2269 856 2348 inquit,
881 2272 931 2349 qni
950 2269 998 2328 diu
1020 2268 1054 2328 ab
1076 2266 1245 2365 eloquentia

162 2351 291 2413 oratoria
312 2350 450 2425 desuevi,
477 2349 544 2432 plus
571 2348 739 2409 hominibus
768 2349 892 2410 consulo
914 2369 976 2409 mea
996 2349 1186 2425 innocentia,
1214 2348 1245 2409 itl

152 2430 226 2508 est,
261 2433 330 2492 dnm
357 2431 503 2492 neminem
524 2431 644 2505 defero,
674 2452 758 2514 qnam
780 2443 912 2503 oratores
932 2429 1001 2507 isti,
1031 2450 1162 2513 quorum
1180 2430 1246 2493 elo·-

160 2514 279 2605 quentia
298 2512 345 2577 tol
365 2513 495 2575 illustres
513 2513 596 2574 viros
618 2513 843 2594 pessumdedit«
1086 2528 1098 2537 ··
1232 2522 1236 2529 '

224 2610 295 2692 Cap.
315 2612 379 2671 Xll.
418 2610 552 2673 Nemora
572 2631 637 2670 cero
660 2619 689 2669 et
713 2611 782 2690 lucr]
814 2606 859 2670 Cf.
880 2631 924 2691 cp.
945 2614 994 2677 9.,

243 2692 322 2775 quod
348 2713 405 2751 non
429 2696 460 2750 in
487 2696 612 2771 strepitu
637 2711 690 2750 nec
715 2691 833 2750 sedente
853 2701 923 2750 unte
949 2693 1055 2750 ostium
1083 2686 1246 2769 litigatore]

161 2773 189 2833 F.
212 2771 287 2832 cod.
304 2773 391 2835 Farn.
412 2791 469 2830 non
490 2794 556 2831 cum
577 2771 649 2830 Ritt.
676 2773 774 2853 recepi
802 2792 857 2853 pro
884 2793 947 2841 neo.
996 2771 1024 2831 A
1051 2770 1158 2831 Tacito
1185 2770 1247 2833 lte·

163 2865 290 2933 quenter
312 2852 472 2911 sententiae
492 2850 641 2932 particulis
662 2873 719 2911 non
734 2888 773 2898 -
791 2873 849 2926 nec·
864 2852 927 2913 sive
947 2859 1037 2936 nequ‘e
1057 2852 1168 2912 coninn
1211 2872 1248 2919 u·

150 2944 223 3007 ¹tur.
257 2931 342 2991 Diat-
355 2938 401 2992 13.
422 2943 496 2992 extr.
511 2932 595 2994 sAnn.
616 2934 688 3007 Ι,’4.
714 2939 761 2994 68.
783 2935 884 2994 Germ.
900 2940 918 2993 7
933 2931 979 2993 bis
997 2955 1021 2993 c.
1036 2944 1138 2993 annot.
1190 2938 1247 3011 css.

164 3019 215 3075 22.
256 3012 430 3092 Exemplar
452 3013 570 3077 Sallust.
591 3014 740 3096 congessit
758 3014 849 3079 K'ritc.
870 3015 905 3081 td
927 3012 1012 3079 Catil.
1032 3020 1084 3089 52,
1102 3016 1135 3075 ’6.
1160 3012 1246 3075 fleas

163 3095 200 3160 ed
213 3095 324 3178 Reisig.
339 3094 455 3155 Vorles.
471 3116 500 3176 p.
510 3096 585 3156 123.
599 3115 656 3154 non
666 3116 804 3179 -neque
823 3096 895 3177 poni
910 3095 1088 3170 observarit,
1108 3094 1165 3159 nbi,
1177 3114 1247 3155 sen·

165 3178 275 3241 tentiae
293 3197 349 3265 per
368 3197 401 3238 se
421 3176 466 3237 sin
508 3174 553 3241 lae
572 3175 775 3261 intelligantur
794 3188 824 3237 et
844 3177 889 3237 uis
903 3175 1066 3258 negationis
1087 3166 1248 3259 augeatur}

166 3258 223 3323 dos
250 3260 332 3319 niobt
357 3280 394 3309 ³-
418 3198 575 3325 uuaeiuouclr
596 3258 652 3321 dos·
670 3259 759 3318 niobt.
782 3289 819 3309 -ν
863 3257 1004 3319 Solebant
1024 3258 1136 3318 Rornae
1157 3256 1248 3318 iuris·

165 3339 295 3398 consulti
316 3359 398 3403 mane
420 3338 642 3406 consultoribus
674 3339 711 3399 dc
737 3338 803 3398 iure
826 3339 1013 3420 respondere.
1029 3396 1032 3403 .
1046 3338 1121 3399 Hor.
1144 3338 1248 3415 Saul,

166 3422 196 3495 1,
219 3422 247 3484 9.
286 3417 459 3494 Agricolam
481 3421 586 3481 laudat
606 3423 679 3480 iuris
699 3422 849 3509 legumque
866 3423 980 3500 peritus
1003 3416 1063 3479 Su't
1077 3420 1156 3494 galli
1174 3438 1248 3479 cau

46 3566 49 3571 .
165 3509 229 3566 ium
250 3502 396 3565 oonsuttor
416 3501 466 3561 ubi
490 3505 568 3567 ostia
585 3504 695 3581 pulsat.
723 3500 817 3582 Epist.
838 3501 874 3579 ΙΙ,
902 3506 928 3575 1,
954 3506 1012 3561 103
1026 3510 1057 3560 et
1075 3502 1144 3561 104.
1187 3500 1250 3561 llo-

166 3600 234 3647 moe
255 3581 340 3641 dulce
360 3582 410 3643 eliu
427 3581 492 3661 fult
518 3592 548 3643 et
576 3584 715 3642 sollemne
746 3582 864 3641 recluso
884 3583 976 3642 Mane
1004 3581 1091 3641 domo
1113 3578 1248 3657 uigilare,

167 3664 268 3729 clienti
284 3683 420 3744 proruere
447 3667 523 3728 iuro.
551 3659 614 3723 Cic.
634 3685 679 3744 pr.
699 3664 815 3722 Muren.
837 3667 864 3721 9.
910 3664 1020 3738 Vigiles
1040 3672 1072 3720 tu
1093 3661 1130 3721 tle
1151 3670 1250 3737 nocte,

168 3753 201 3811 ut
218 3747 277 3805 tuis
298 3745 510 3809 consultoribus
528 3744 727 3833 respondeum
745 3745 794 3803 llle
816 3752 848 3803 ut
868 3763 920 3818 eo,
942 3763 997 3828 quo
1018 3743 1160 3817 intendit,
1183 3760 1250 3803 rnu-

167 3834 235 3891 ture
261 3845 327 3891 cum
357 3830 490 3890 exercitu
515 3831 684 3909 peruentum
714 3825 929 3901 legaliorum,
956 3825 1036 3885 illum
1059 3824 1251 3905 lucanorum

168 3914 273 3970 contus
294 3911 466 3966 exsuscitet.

169 4020 174 4029 ‹
252 3988 330 4049 tuter
348 3987 450 4051 sordes
470 4005 508 4046 cc
529 3985 682 4063 lacrimas]
713 3984 751 4045 H.
773 3984 791 4044 l.
811 3984 908 4046 lucem
928 3985 1015 4045 affert
1036 3982 1098 4045 Cic.
1118 3985 1195 4071 Epp.
1214 3983 1252 4044 τὰ

168 4063 247 4131 Fam.
270 4066 351 4139 XIV,
372 4073 402 4128 2.
431 4076 460 4126 te
480 4087 572 4140 nuno,
602 4085 669 4126 meo
688 4065 844 4141 Terentio,
873 4071 916 4127 sic
937 4069 1058 4140 occari,
1086 4068 1131 4125 sic
1151 4069 1253 4125 iecore

168 4147 201 4214 lu
227 4145 361 4213 lacrimis
395 4156 426 4239 et
460 4147 603 4214 sordibus.
638 4147 850 4215 Pseudo-Cic·
885 4159 960 4211 orat.
992 4157 1064 4232 post
1098 4147 1186 4210 redit.
1215 4144 1253 4208 at

93 4330 251 4384 15·
