2634 4656
67 270 69 275 ·
110 248 174 313 ros
427 214 657 353 'mnam-a
676 245 859 311 aaran
966 238 972 339 j

19 384 21 391 Ι
66 444 70 450 ·
110 400 322 499 ponendis·
342 427 404 476 nec
428 400 465 475 in
498 400 674 476 evolvenda
699 400 891 500 antiquitate
912 426 975 473 nee
999 398 1036 472 in
1061 396 1178 471 notitia
1219 414 1221 505 ζ

110 499 161 575 rel
185 528 296 617 perum
319 500 370 576 vei
394 501 564 575 hominum
589 499 639 575 vei
663 511 848 602 temporum
873 499 954 585 satis
978 526 1103 601 operae
1127 497 1178 571 in.
1219 518 1221 571 i

111 617 261 675 sumitur.
901 624 907 639 .

385 780 784 859 [verrom.

220 904 290 980 sed
322 920 535 1005 «appetuntur,
571 932 656 1007 quos
675 903 837 986 ‚rhetoras
863 917 997 988 vocant3
1036 926 1178 1000 quorum

113 1005 279 1108 professio
300 1005 437 1106 quaudo.
456 1006 599 1107 primum
621 1004 657 1077 in
680 1004 766 1077 hanc
786 1002 909 1075 urbem.
926 998 1117 1073 introducta
1137 998 1178 1072 sit

140 1106 281 1205 namque
305 1102 427 1178 nuliam
453 1104 544 1205 apud
561 1104 702 1178 maiores
722 1118 853 1176 nostros
875 1097 1177 1175 auctoritatem'ha-

114 1132 243 1295 inerit,
268 1205 376 1279 statim
399 1203 547 1278 dicturus
570 1204 710 1278 reseram
733 1229 868 1277 necesse
892 1217 941 1274 est
963 1200 1112 1273 animum
1136 1194 1179 1271 ad

81 1391 88 1402 “
116 1437 118 1441 ,
193 1377 224 1434 in
246 1377 353 1434 notitia
370 1379 503 1435 -sutis
532 1393 638 1456 operae
664 1370 835 1455 insumitur]
868 1376 898 1432 in
926 1374 1062 1432 notitiam
1086 1367 1178 1431 Codri.

116 1452 201 1515 Fara.
231 1455 295 1517 Par.
318 1457 404 1516 Viud.
430 1470 499 1519 vett.
528 1456 600 1517 Edu.
626 1467 791 1516 revocatum
819 1477 835 1515 a
862 1453 974 1515 Dronk.
1002 1453 1116 1514 Osann.
1150 1462 1178 1513 et

19 1579 27 1595 s
118 1536 210 1597 Orell.
229 1559 285 1618 pro
304 1537 334 1597 in
355 1543 461 1599 notitia
480 1539 590 1600 emend.
609 1559 625 1597 a
644 1538 725 1598 Pich.
744 1548 774 1597 et
793 1534 929 1618 receptio
947 1557 1028 1615 seqq.
1068 1532 1180 1595 Contra

116 1618 249 1693 Breuis,
279 1618 329 1701 qui
348 1622 540 1682 accusativum
560 1631 678 1695 tuetur,
705 1618 787 1700 'quod
808 1616 915 1679 diversi
936 1639 1018 1677 casus
1040 1614 1127 1676 etiarn
1144 1614 1178 1677 at

117 1698 179 1761 aliis
200 1701 311 1784 scriptt.
331 1704 505 1784 copulentur
518 1701 599 1785 (coll.
615 1701 747 1763 Oudcnd.
764 1701 798 1761 ad
813 1702 893 1760 Suet.
908 1702 997 1780 Vesp.
1015 1703 1062 1758 19.
1080 1699 1177 1758 Brem.

117 1783 153 1843 ad
174 1781 263 1843 Corn.
284 1785 355 1865 Nep.
375 1786 440 1846 Dat.
457 1783 526 1868 ‘3.)‚
554 1796 632 1844 recte
659 1784 851 1844 observarunt
870 1784 950 1864 Rup.¹
970 1793 999 1840 et
1018 1779 1176 1855 Ecksteiu.‚
1218 1772 1221 1785 ¹

117 1865 235 1925 nomina
261 1867 376 1947 quidem
398 1868 538 1928 diversam
563 1878 735 1926 structuram
759 1864 913 1938 asciscere,
941 1863 991 1922 sed
1011 1862 1096 1922 locos
1117 1881 1176 1921 uon

54 1963 60 1969 ·
118 1959 249 2021 exstare,
284 1949 314 2007 in
342 1948 446 2029 quibus
471 1971 552 2010 casus
581 1948 688 2008 diversi
713 1947 805 2008 eidem
828 1944 1039 2028 praepositioni
1068 1943 1177 2004 cidem-

119 2049 176 2108 que
195 2027 286 2088 verbo
307 2031 454 2091 coniuncti
475 2032 542 2091 sint.
566 2029 712 2091 'Rarioris
734 2031 895 2090 structurae
917 2016 1177 2108 exemploratores!

120 2130 198 2169 mere
225 2113 254 2168 in
276 2113 428 2195 aliquare
456 2111 574 2192 (rd.‘ad
592 2111 664 2170 Diai.
688 2109 731 2192 9.)
758 2109 876 2193 praebet
905 2109 1007 2184 Quint.
1028 2110 1079 2184 ΙΙΙ,
1098 2112 1131 2185 4,
1149 2110 1176 2168 5.

119 2193 321 2272 utplurimum
349 2198 378 2252 iu
403 2196 529 2255 consiliis
555 2215 589 2254 aa
616 2193 731 2252 iudiciis
756 2193 954 2253 insumebatur
980 2210 1096 2258 operae.
1132 2190 1178 2250 lte

118 2272 203 2343 form.
218 2284 251 2333 et
273 2307 309 2320 ···
331 2296 384 2336 neo
403 2310 441 2323 -
457 2282 512 2337 'nec
531 2275 573 2357 (ri
594 2307 631 2320 -
653 2273 711 2335 sius
730 2297 757 2336 v.
776 2271 856 2358 pius)
885 2273 921 2334 ci.
947 2273 1031 2334 Febr.
1061 2272 1097 2333 ati
1115 2272 1176 2335 Liv.

118 2356 213 2432 xxti,
234 2362 261 2416 s.

181 2459 250 2544 Cap.
270 2462 363 2521 XXX.
383 2483 452 2544 quos
465 2462 599 2521 rhetoras
615 2459 734 2559 uocant]
755 2458 828 2521 Dial.
845 2437 892 2520 35.
914 2460 960 2520 De
974 2459 1026 2519 hac
1040 2458 1176 2519 termina-

26 2602 29 2609 ,
119 2541 201 2619 tione
218 2544 327 2604 Graeca
345 2543 375 2602 in
395 2564 501 2605 nomm.
518 2545 635 2605 Graece.
655 2564 776 2607 maxume
791 2553 927 2624 usurpata
944 2544 1122 2622 (quanquam
1134 2562 1176 2621 ep.

121 2623 234 2686 Caesar.
261 2626 345 2686 etiam
371 2624 479 2707 legitur
503 2626 679 2701 Allobrogas
705 2627 738 2684 B.
759 2627 797 2685 G.
822 2627 844 2698 Ι,
870 2627 968 2684 14.·et
987 2625 1138 2699 Lingonus
1154 2624 1176 2696 Ι,

122 2713 170 2766 26.
190 2713 233 2788 ap'.
253 2708 320 2768 Tac.
341 2709 440 2768 Germ.
460 2712 507 2769 46.
530 2706 674 2787 Oaionos)
695 2707 731 2766 cf.
752 2711 865 2786 Zumpt.
885 2705 919 2764 ad
941 2704 1002 2767 Cic.
1020 2708 1107 2765 Verr.
1128 2706 1176 2780 tr,

122 2794 150 2848 2.
170 2789 325 2850 Dederich.
342 2801 402 2849 not.
425 2790 487 2850 crit:
508 2790 543 2849 ad
560 2789 638 2863 Dict.
652 2788 731 2850 Cret.
748 2793 798 2862 IV,
814 2794 842 2847 7.
861 2786 951 2848 Kritz.
972 2787 1006 2847 cd
1027 2785 1096 2847 salt.
1118 2789 1176 2869 lug.

124 2874 170 2929 19.
191 2882 288 2931 annot.
308 2883 400 2930 nostr.
420 2871 453 2930 ad
474 2873 540 2932 Tac.
554 2873 659 2932 Germ.
679 2874 727 2932 46.
748 2870 864 2932 Ramsh.
884 2869 911 2952 ᾖ.
932 2873 980 2931 28.
1002 2892 1030 2951 p.
1053 2872 1102 2930 54.

202 2983 321 3044 quorum
336 2958 493 3044 professio]
527 2959 679 3041 Profiteri,
705 2958 853 3041 professor
873 2972 902 3019 ct
927 2958 1068 3042 professio
1088 2966 1179 3018 aetate

122 3048 255 3125 argentea
284 3044 318 3103 de
346 3043 381 3102 iis
408 3042 561 3118 dicuntur,
588 3043 637 3123 qui
665 3042 733 3102 artis
756 3041 900 3102 cuiusdam
921 3040 1065 3117 liberalis,
1094 3058 1177 3122 prae⁴

122 3125 207 3267 ἓρυε
220 3125 390 3266 rhepprieae,
411 3124 638 3205 scientiam‘prae
660 3144 691 3183 sc
707 3123 806 3265 ierlppt
821 3146 938 3267 ealrpqulp
955 3124 1177 3265 diiimssosiei

155 3211 527 3265 ramm..re'r
628 3210 711 3264 tie.
779 3207 945 3265 i...
1167 3247 1177 3263 .

121 3285 260 3371 professio
280 3205 714 3368 sapieiitiiioQiriiii'ifsia1.
736 3286 770 3347 al.
789 3229 838 3348 id.
858 3286 992 3348 Bonneli.
1011 3249 1082 3346 Xex.
1100 3249 1128 3346 i.
1148 3304 1175 3347 v.

124 3373 255 3445 x11‚11‚
278 3377 325 3430 20.
359 3382 524 3446 geometrae
558 3381 586 3446 et
610 3374 801 3446 grammatici
825 3380 1043 3460 ceterarumque
1069 3371 1177 3428 artium

121 3449 303 3538 praptssores.
324 3455 360 3525 ΙΙ,
382 3458 410 3526 1,
431 3459 458 3513 6.
476 3456 688 3528 grammaticen
705 3450 844 3534 profiteri.
889 3453 938 3513 Sic
952 3451 1031 3511 ¹Pho.
1052 3450 1098 3532 Ep
1119 3452 1177 3524 .1t‚

125 3539 174 3609 18,
195 3541 222 3595 3.
253 3537 302 3608 Ν,
325 3538 370 3594 11.
400 3534 461 3594 init.
483 3557 506 3594 c.
524 3545 635 3597 anuott.
657 3533 737 3595 Gier.
762 3533 895 3618 profiteri
919 3534 1058 3594 dicuntur
1113 3540 1177 3592 ¹cte·

123 3615 413 3759 ricaesprosessores.
446 3618 512 3678 Tac.
531 3617 609 3676 Anu.
629 3620 702 3691 xm,
728 3619 774 3676 14.
802 3628 896 3678 exstat
918 3613 1101 3700 professoria
1123 3614 1176 3674 iia-

224 3719 333 3759 euecae.

119 3719 181 3777 m
203 3782 352 3856 habuerit,
379 3785 478 3841 statim
509 3780 634 3840 dicturus
659 3769 801 3860 referum]
838 3761 895 3838 Sic.
916 3777 945 3836 h.
966 3777 986 3836 l.
1007 3788 1179 3860 corruptum

66 3914 69 3923 ,
125 3863 239 3945 egregie
268 3864 426 3924 emendavit
450 3865 582 3924 Gronov.
604 3861 746 3922 Obseriv.
772 3884 800 3943 p.
819 3863 887 3922 462.
909 3861 955 3920 ed.
972 3861 1066 3935 Plau,
1094 3880 1179 3941 quem

126 3945 217 4005 secuti
236 3956 304 4004 sunt
323 3948 425 4006 Heum.
444 3946 507 4028 Bip.
530 3943 628 4005 Oberl.
643 3943 732 4003 Bckk.
747 3943 843 4003 Boett.
858 3955 888 4003 et
903 3964 982 4021 seqq.
1006 3941 1081 4003 Cod.
1096 3945 1179 4002 Fero.

125 4025 258 4084 habuerit
276 4031 375 4087 statim
396 4028 432 4087 de
452 4032 558 4097 curiis,·
586 4025 685 4086 habuit
709 4030 809 4085 statim
839 4025 875 4084 de
897 4028 984 4085 curiis
1003 4023 1099 4085 codd.
1117 4025 1180 4084 Par.

74 4105 78 4113 ’
126 4107 211 4168 tint.
230 4120 298 4168 vett.
314 4111 401 4184 Edd.;
424 4111 460 4172 de
474 4111 495 4153 ¹*
514 4113 603 4171 curiis
615 4108 692 4189 Lips.
713 4107 759 4189 (in
778 4118 888 4169 aanott.
909 4106 1034 4168 coniecit
1054 4107 1181 4168 demtis

125 4191 171 4253 itis
191 4211 233 4252 sc.
252 4189 373 4274 dicam);
394 4194 510 4269 habuit,
531 4195 630 4254 statim
649 4190 774 4254 audatis
787 4189 919 4264 Pithone
939 4190 1062 4269 aaut,
1082 4190 1184 4252 statim
