2634 4656
199 277 220 312 .
256 253 257 256 ‘
494 257 574 344 cap.
596 237 706 324 xxrt.
969 279 975 292 =
1071 263 1134 323 153

92 343 103 381 1

56 408 222 511 expolitus
246 394 497 512 et''·splendens.
546 414 621 511 Ego
646 429 756 486 nutem
780 428 945 486 oratorem
969 412 1056 486 sicut
1085 412 1136 488 lo·

56 509 220 609 cnpletem
239 539 277 585 ec
298 511 423 583 lautum
466 529 569 586 utrem
590 512 735 598 santiliae
755 539 828 584 non
852 539 892 584 eo
916 526 1042 584 tantum
1060 514 1135 587 vole

55 624 145 681 tecto
170 612 256 704 tegi,
284 607 376 710 quod
398 541 603 687 inirem‘ec
629 627 763 684 ventum
789 625 916 697 arceat,
950 608 1012 684 sed
1038 613 1136 687 etiam
1207 619 1212 628 ’

57 706 152 804 quod
175 708 282 781 visum
308 727 340 780 et
365 709 481 782 occulos
517 709 672 794 delectet;
705 736 774 783 non
804 737 842 782 en
877 708 985 782 solum
1015 711 1135 786 instrui

57 805 265 903 supellectili,
290 835 376 907 quae
400 809 597 881 necessariis
623 807 742 881 usibus
767 808 930 895 sufficiat,
956 809 1136 891 sedetiam

56 903 102 975 sit
126 905 348 1008 inapparatu
373 906 444 980 eius
475 924 507 980 et
532 933 650 980 aurum
685 925 717 981 et
741 935 909 1006 gemmae,
937 924 974 981 ut
1005 936 1136 986 sumere

56 1069 138 1132 btttz.
176 1073 264 1154 Apud
283 1076 389 1168 Quint.
410 1069 490 1150 ulti,
507 1079 539 1152 5,
561 1082 588 1138 2.
618 1078 731 1136 lumina
756 1075 913 1158 praecipue
941 1075 972 1137 in
999 1076 1139 1139 clausulis

39 1155 172 1236 positae
197 1170 341 1229 nocentur
359 1157 531 1218 tententiae.
551 1157 630 1232 Vnt,
651 1159 682 1232 4,
700 1163 749 1218 32.
791 1158 893 1240 Quare
919 1159 998 1220 ticet·
1011 1161 1087 1220 laea
1108 1168 1138 1222 et

58 1238 152 1295 nitere
180 1247 209 1296 et
243 1241 428 1320 aliquatenus
461 1250 582 1300 exstare
611 1238 782 1314 uideantur,
817 1250 917 1299 tamen
943 1242 1056 1301 lumina
1080 1241 1138 1309 illa
1178 1239 1181 1245 ’

57 1316 242 1396 [sententiae]
261 1321 490 1404 nutreflammae
509 1321 564 1380 sed
581 1322 715 1380 scintillis
728 1324 805 1380 inter
810 1319 929 1401 sumum
949 1324 1139 1385 emicantibus

56 1401 168 1458 similia
190 1401 319 1461 dixeris:
340 1424 415 1484 quae
437 1424 473 1462 ne
493 1413 637 1485 apparent
656 1402 787 1486 quidem,
817 1403 867 1463 uli
884 1412 947 1460 tata
968 1405 1046 1463 lucet
1067 1425 1138 1463 ara·

57 1483 118 1552 tie,
140 1492 172 1542 ut
192 1485 222 1540 in
241 1484 303 1542 sule
322 1484 424 1543 sidera
447 1489 512 1567 ipsa
534 1485 667 1544 desinunt
684 1485 772 1542 cerni.
802 1486 851 1545 34.
891 1483 956 1557 Ege
979 1505 1044 1544 nera
1065 1487 1140 1548 naec

58 1562 171 1620 lumina
193 1569 336 1623 orationis
356 1568 432 1625 uelut
459 1566 556 1626 ocules
582 1564 725 1649 quosdam
752 1562 814 1625 e'sse
842 1566 1023 1648 eloquentiae
1042 1567 1138 1631 erede.

55 1641 129 1703 Ern.
149 1643 220 1704 Lex.
240 1646 337 1706 techn.
356 1648 417 1707 Lat.
440 1671 463 1708 s.
483 1669 510 1707 v.
940 1648 941 1655 ¹

138 1729 213 1787 sicut
233 1728 400 1810 locupletem
427 1748 465 1787 ac
485 1731 599 1798 lautum
614 1737 731 1811 patrem
745 1724 903 1808 familiae]
938 1725 1017 1807 Lips.
1038 1749 1139 1801 emen-

57 1801 115 1865 det.
143 1807 257 1868 lautum
283 1830 339 1890 pro
365 1811 518 1871 laudatum
548 1810 613 1871 lect.
641 1820 772 1889 corrupt.
799 1806 892 1868 Codd.
921 1819 950 1874 et
970 1820 1042 1869 vett.
1063 1811 1142 1876 Edd.¹

57 1901 237 1968 receperunt
258 1911 338 1971 seqq.
359 1903 476 1972 praeter
498 1892 608 1952 Osann.
649 1892 764 1951 Lautus
783 1889 891 1949 dieitur
911 1888 1001 1950 homo
1022 1890 1138 1988 elegans

58 1979 90 2030 et
114 1968 307 2049 splendidus,
333 1972 434 2053 quiin
463 1973 562 2048 victu,
590 1971 792 2048 vestimentis,
821 1969 1002 2053 supellectile
1023 1972 1138 2034 divitias

58 2060 197 2110 ostentat.
217 2052 264 2112 nd.
284 2050 375 2113 Corn.
395 2054 469 2135 Nep.
489 2055 579 2115 Aine.
604 2061 649 2114 13.
743 2056 746 2061 ’
803 2068 817 2082 ”
907 2054 908 2057 ’

109 2174 114 2182 «
141 2134 337 2216 supellectili]
365 2137 425 2195 Pro
450 2137 530 2219 vulg.
550 2137 726 2217 supellectile
742 2133 843 2216 (supp.
864 2133 1139 2216 Bekk.et130eu.)

58 2212 157 2293 recepi
177 2218 376 2298 supellectilie
394 2214 467 2277 Cod.
485 2220 574 2278 turns
584 2209 679 2278 collat.
697 2239 712 2276 a
728 2215 897 2298 Schluttig.‚
922 2216 957 2276 de
974 2238 1029 2296 qua
1045 2217 1139 2278 forma
1242 2229 1244 2234 ’
1269 2279 1271 2290 ,

58 2293 171 2354 rariore
193 2297 328 2376 quidem,
349 2299 401 2358 sed
422 2310 495 2379 optt.
518 2299 631 2380 scripit.
649 2299 754 2358 usitata
775 2299 811 2357 cl.
832 2297 979 2356 Eclstein.
1000 2298 1036 2356 ad
1051 2301 1140 2358 Voss'.
1222 2295 1224 2299 ’

60 2374 222 2436 Aristarch.
249 2380 300 2455 IV,
325 2384 370 2438 12.
400 2403 428 2460 p.
450 2385 518 2440 617.
546 2381 581 2440 eb
605 2394 706 2458 'eoque
734 2378 839 2437 laudat.
866 2378 1036 2437 Schneider.
1064 2379 1140 2438 For:

59 2455 146 2516 menl.
169 2457 196 2516 cl.
214 2459 275 2518 Lat.
296 2461 363 2541 Spr.
384 2462 415 2520 P.
438 2463 459 2520 l.
480 2483 508 2541 p.
528 2465 596 2521 234.
626 2459 689 2519 Liv.
708 2460 756 2531 Vl,
778 2464 805 2517 9.
826 2479 850 2517 c.
871 2470 970 2524 anatot.
991 2458 1139 2522 Drakenb.

60 2535 122 2596 Cic.
144 2540 230 2601 Verr.
255 2542 288 2608 ll,
314 2545 362 2618 14,
384 2547 449 2614 35.,
470 2542 522 2602 ubi
535 2545 661 2623 Zumpt.
682 2540 856 2622 supellectile
876 2560 921 2620 ap.
943 2537 1005 2599 Cic.
1025 2540 1140 2620 praete

57 2619 181 2678 rendum
203 2633 312 2682 censet.
1188 2639 1192 2646 ·

148 2702 205 2761 sed
229 2706 318 2764 etiam
348 2708 387 2764 sit
412 2706 442 2763 in
471 2715 621 2785 apparatu
648 2707 709 2762 eius
737 2711 766 2761 et
795 2721 901 2760 aurum
931 2710 961 2760 et
985 2699 1140 2788 gemmae]

60 2782 152 2842 etiam
173 2784 272 2850 omiss.
294 2784 323 2843 in
340 2783 414 2844 cod.
427 2787 491 2845 Par.
508 2807 524 2846 a
541 2785 619 2866 Lips.
634 2797 663 2845 et
680 2784 753 2844 End.
769 2805 811 2863 sq.
833 2783 1140 2861 reuocarunt4Dronk.

61 2862 174 2924 Osann.
191 2864 283 2925 Orell.
299 2868 376 2946 Rnp.
391 2867 508 2926 Walth.
526 2867 614 2927 Baeh.
631 2867 724 2939 unc,
746 2864 883 2946 quonium
905 2877 999 2924 exstat
1019 2865 1052 2924 in
1072 2877 1141 2926 cett.
1162 2879 1164 2884 '

61 2940 154 3004 codd.
176 2959 206 3005 et
226 2959 296 3007 vett.
317 2948 389 3006 Edd.
438 2947 595 3030 Exempla,
623 2947 781 3028 inquibus
810 2944 965 3028 singularis
986 2945 1070 3006 verbi
1090 2958 1141 3007 eut

60 3025 96 3085 nd
117 3027 201 3107 plura
221 3028 421 3103 substantiva,
450 3052 523 3110 quae
543 3051 601 3089 una
621 3031 744 3090 notione
764 3026 1072 3108 comprehenduntur,
1106 3039 1142 3087 ut

61 3104 90 3166 b.
104 3105 122 3164 l.
138 3119 167 3166 et
188 3130 293 3170 arenam
314 3120 344 3169 et
361 3133 514 3186 gemmae,
535 3123 586 3170 aut
603 3111 638 3170 ed
660 3110 824 3192 proximum
847 3109 934 3188 idque
954 3107 1140 3189 potissimum

60 3198 174 3248 tanturn
196 3191 335 3266 refertur,
356 3192 447 3251 multa
465 3204 580 3252 exstant
597 3195 672 3275 apud
689 3194 716 3251 T
717 3214 757 3251 ac.
779 3190 910 3285 aliosque
931 3188 1045 3271 scripti.
1064 3190 1141 3250 Lan.

61 3269 130 3330 Tac.
150 3271 227 3332 Anu.
248 3275 271 3349 1,
292 3279 337 3333 10.
358 3277 406 3333 sui
426 3277 532 3335 milites
546 3275 678 3335 Hirtium
700 3283 729 3332 et
744 3273 932 3332 machinatur
954 3271 1015 3332 deli
1028 3270 1143 3330 Caesar

61 3351 227 3414 abstulerat
265 3401 271 3413 .
292 3366 392 3414 annot.
412 3356 499 3416 Bach.
521 3356 636 3430 Hist.l‚
656 3360 700 3415 15.
721 3358 863 3434 irrumpet
883 3353 1035 3427 adulatio,
1057 3353 1142 3412 llan-

62 3432 163 3494 ditiae.
186 3377 289 3508 ll,ll8.
311 3436 402 3498 datur
422 3438 477 3495 tili
496 3457 605 3511 magna
625 3437 727 3507 sedes,
750 3439 880 3509 ingentes
901 3438 1027 3495 termini.
1058 3431 1142 3495 caes.

60 3513 96 3572 B.
118 3513 151 3576 C.
173 3518 194 3589 l,
217 3523 245 3576 2.
278 3517 447 3597 'Intereerlit
466 3521 507 3578 Μ.
528 3518 688 3589 Antonius,
711 3517 747 3597 Q.
767 3516 903 3589 Cassius,
925 3516 1035 3574 tribuni
1049 3515 1141 3596 plebis
1214 3518 1217 3523 ’

61 3615 86 3654 e.
116 3609 216 3657 annot.
246 3598 331 3658 lleld.
360 3597 420 3658 Cic.
451 3600 540 3660 Tusc.
558 3600 613 3675 111,
633 3605 663 3672 3,
686 3603 713 3656 5.
746 3617 889 3678 quumque
916 3596 959 3656 ad
987 3615 1142 3676 corporum
1204 3614 1207 3621 ‘

61 3683 245 3738 renationem
268 3682 389 3740 multum
409 3684 474 3762 ipsa
493 3701 619 3763 conpara
641 3691 670 3739 et
692 3690 802 3760 natura
823 3678 921 3738 ualeat
941 3675 1010 3756 ibiq.
1027 3676 1143 3738 Knelrn.

61 3755 109 3818 Cf.
140 3760 262 3819 Walclr.
299 3762 334 3820 ad
363 3762 462 3842 Agris.
493 3765 541 3822 24.
562 3766 599 3844 p.
627 3767 685 3820 30³
708 3782 751 3839 sq.
783 3757 902 3819 Remsh.
925 3757 978 3817 Gr.
996 3757 1023 3896 5.
1044 3761 1093 3816 93.
1113 3763 1150 3818 2.

62 3839 173 3921 Reisig.
197 3839 310 3900 Vorles.
331 3841 449 3925 5192.
476 3854 574 3902 annot.
601 3845 686 3902 Hans.
708 3843 777 3901 334.
824 3838 941 3899 Aurum
962 3859 998 3898 ve
1031 3838 1066 3897 ed
1091 3860 1142 3899 su-

61 3921 237 4002 pellectilem
269 3923 315 3982 vel
349 3924 542 3983 adornatum
569 3923 721 4006 pertinens
750 3921 913 4004 signifieat,
946 3919 1085 4000 quicquid
1107 3941 1143 3981 ex
1218 3972 1222 3977 .

61 4023 135 4063 auro
156 4003 330 4078 conficitur,
350 4016 385 4064 ut
405 4025 483 4077 nese,
505 4005 626 4088 pocula,
648 4001 764 4076 anulos,
786 4001 921 4061 monilia:
943 4011 973 4061 et
985 4022 1089 4063 auriam
1114 4011 1144 4063 et

59 4107 197 4160 gemmae
218 4086 246 4144 h.
268 4085 286 4144 l.
309 4085 328 4144 l.
350 4107 378 4165 q.
404 4086 510 4168 pocula
539 4107 624 4148 aurea
653 4083 774 4167 gemmis
803 4082 948 4143 distincte.
982 4083 1142 4156 lu'ven.,V,

61 4169 104 4229 43
119 4189 167 4248 eq.
187 4165 263 4227 Plin.
276 4155 324 4226 ssll.
337 4166 375 4226 N.
390 4168 544 4242 xxxva,
557 4175 589 4242 2,
605 4173 632 4228 6.
643 4175 797 4242 gemmata
813 4167 933 4247 poteria
953 4163 1001 4223 vd.
1021 4161 1142 4224 Becker.
1161 4169 1164 4178 “
1271 4221 1278 4228 ,
