2634 4656
524 228 769 344 ‘capxxxia
862 267 886 329 ,·
1022 325 1024 336 ,
1115 267 1226 334 cat¹
1304 257 1306 267 '

114 433 151 490 et
176 434 275 516 quarn
300 415 539 489 incredibiliter
562 417 779 517 compositae!
819 413 978 516 Sequitur
994 433 1118 507 autern,
1143 432 1181 497 ut
1217 441 1244 509 J

113 516 273 589 materiae
308 516 498 588 abhorrenti
530 544 547 587 a
573 518 705 589 veritate
738 515 929 589 declamatio
961 544 1094 616 quoque
1119 517 1180 590 ad.

114 615 280 690 hibeatur.
320 615 376 689 Sic
401 615 448 704 stt,
474 631 509 687 ut
534 615 814 718 tyrannicidarum
839 616 983 714 praemia
1006 635 1062 689 aut
1087 616 1179 690 vitia·

197 783 368 866 perfidem]
402 785 461 844 Pro
483 795 612 864 corrupt.
631 782 695 844 lect.
716 783 842 865 perfidia
862 774 934 844 Cod.
955 786 1018 844 Par.
1035 783 1180 866 perfidiae

115 866 206 927 Vind.
228 864 377 949 (perfidie)
397 879 427 925 et
446 878 516 925 vett.
537 867 608 925 Edd.
634 887 691 946 per
703 865 799 945 fidem
825 862 848 926 ε1
861 864 934 927 Cod.
961 869 1044 926 Facu.
1070 867 1180 948 recepit
1250 904 1253 909 ,

76 974 80 983 ¹
116 949 198 1030 lips.
219 961 249 1008 et
271 971 349 1028 seqq.
398 947 534 1029 Exempla
555 946 693 1028 simplicis
710 947 850 1009 formulae
868 947 1028 1029 perfidem
1048 970 1107 1008 non
1129 949 1179 1009 ad-

117 1031 183 1091 dito
204 1030 351 1112 genitivo,
381 1028 415 1088 de
436 1030 490 1110 qua
510 1028 678 1088 dubitarunt
697 1030 808 1103 Dronk.
831 1041 869 1094 et.
887 1031 1015 1103 Oscum,
1047 1043 1179 1092 exstant:

118 1112 203 1192 Virg.
225 1117 296 1171 Aen.
318 1115 353 1186 11,
377 1115 442 1171 141.
481 1111 558 1185 Per,
579 1115 607 1171 si
643 1131 683 1170 ua
703 1123 762 1187 est,
783 1133 855 1195 quae
875 1123 963 1172 restet
982 1112 1079 1172 adhuc
1101 1136 1180 1172 mur-

117 1197 227 1254 talihas
256 1215 374 1275 usquam
401 1193 581 1253 intemerata
636 1194 702 1267 des,
733 1215 793 1253 oro.
834 1194 952 1254 Petron.
981 1195 1038 1255 Sat.
1062 1199 1130 1271 100,
1151 1200 1180 1255 5.

117 1275 194 1335 allat.
215 1275 249 1339 ab
272 1275 362 1335 Orcll.
403 1273 585 1354 Persidem,
614 1279 746 1371 inquam,
772 1286 874 1356 pater,
903 1281 984 1336 cuius
1004 1276 1078 1334 haec
1098 1281 1180 1336 naris

118 1359 188 1417 est?
228 1357 278 1416 lile
302 1378 356 1437 per
372 1355 468 1435 fidem
490 1357 518 1415 h.
540 1355 559 1415 l.
579 1356 700 1437 explicat
721 1378 755 1417 ex
775 1357 898 1417 formula
917 1380 972 1438 per
991 1371 1091 1432 tuam,
1116 1368 1192 1438 per'

117 1450 246 1498 oestrum
262 1437 358 1518 fidem
393 1435 501 1498 omisso
528 1439 709 1518 pronomine.
755 1439 813 1498 Sed
849 1451 893 1499 est
919 1439 1004 1515 hacc,
1048 1453 1082 1498 ut
1109 1441 1179 1500 aliae

114 1521 277 1604 prodeam
294 1517 406 1600 fidam,
433 1542 486 1602 per
508 1520 576 1591 daos
603 1533 655 1580 ctc.
682 1520 728 1579 ud.
749 1523 825 1601 Rup.
847 1522 880 1580 ad
904 1521 928 1580 h.
951 1521 986 1597 l.,
1017 1519 1180 1603 obtestandi

117 1603 219 1685 potius
241 1613 270 1662 ct
290 1601 390 1661 orandi
412 1624 494 1682 quarn
517 1601 682 1683 indignandi
706 1601 836 1662 formula.
875 1605 922 1662 Fr.
946 1602 1027 1663 Hcss.
1049 1601 1078 1661 iu
1099 1626 1180 1663 com-

118 1684 309 1751 menttimss.
332 1697 448 1743 secutus
468 1685 579 1743 emend.
613 1682 744 1743 Groslot.
770 1706 856 1766 super
868 1684 964 1765 fidem
994 1685 1089 1744 locum
1110 1687 1178 1747 satis

119 1763 312 1849 probabiliter
333 1767 374 1825 sic
397 1765 602 1825 emendandum
626 1776 739 1833 censet:
768 1768 883 1847 quales,
905 1788 990 1849 quam
1012 1789 1098 1846 super
1118 1765 1180 1849 (vel

118 1846 326 1928 supra)fidem
348 1859 376 1907 et
394 1869 480 1929 quam
501 1848 707 1906 incredibiliter
726 1852 914 1928 compositae,
934 1849 998 1908 coll.
1020 1847 1122 1924 Quint.
1144 1853 1179 1922 11,

121 1936 172 2003 10,
196 1937 224 1989 5.
263 1931 417 2011 Nunquam
438 1930 509 1988 haec
528 1950 617 2010 supra
626 1925 722 2007 fidem
743 1938 770 1986 et
788 1933 902 2004 poetica
925 1964 960 1974 -
983 1932 1114 1992 themata
1133 1936 1179 1990 iu-

119 2013 236 2091 uenibus
252 2023 383 2071 tractare
397 2014 606 2090 permittemus,
631 2021 662 2069 ut
676 2014 943 2093 exspatientur-1³
971 2014 1049 2072 Haec
1069 2015 1179 2079 emend.

118 2094 196 2154 bene
216 2095 372 2174 respondet
392 2091 625 2170 frequentissimo
646 2092 712 2151 nsu'i
737 2114 969 2178 synonymorum
995 2095 1025 2153 in
1048 2094 1074 2152 h.
1095 2095 1180 2172 Dial.,

120 2175 228 2257 quibus
248 2175 276 2233 h.
298 2174 317 2233 l.
340 2175 466 2257 graviter
485 2173 723 2255 reprehenditur,
751 2176 830 2254 quod
851 2177 984 2236 materiae
1001 2176 1181 2239 abhorreant

120 2278 137 2319 a
169 2256 297 2316 veritate.
343 2256 506 2338 Simplicius
535 2255 727 2326 autemmihi
754 2257 871 2316 videtur
897 2279 944 2320 vv:
971 2270 1179 2339 transponere:

119 2341 221 2424 quales
239 2359 325 2421 quam
342 2335 433 2421 ¹supra
443 2337 537 2416 fidem
560 2348 588 2396 et
608 2339 818 2397 incredibiliter.
907 2399 911 2403 ,

204 2442 395 2524 Sequitur-
418 2438 608 2521 adhiheatur]
642 2443 678 2498 ul.
700 2462 725 2499 c.
745 2440 995 2514 accommodetur,
1023 2456 1056 2502 ut
1075 2467 1178 2506 sensus

125 2525 181 2586 sit:
216 2523 365 2603 sequitur,
395 2534 430 2581 nt
449 2521 614 2591 declamatio
631 2522 742 2587 ,codem
771 2522 857 2580 modo
885 2544 900 2580 a
929 2526 1049 2583 veritate
1074 2538 1103 2586 et
1122 2534 1180 2587 risu

78 2605 81 2609 ’
121 2607 235 2668 sorensi
254 2605 416 2675 abhorreat,
437 2625 519 2685 quarn
544 2602 685 2662 materia«
720 2603 852 2662 Bonnell.
873 2604 908 2663 de
932 2618 1002 2664 mut.
1023 2606 1076 2666 sub
1096 2609 1180 2688 prim.

124 2688 239 2751 Caesar.
259 2700 312 2748 etc.
341 2711 367 2768 p.
391 2693 436 2745 17.
471 2685 567 2745 Aliter
586 2683 753 2746 Schneider.
780 2684 1180 2766 0bservv.p.13.:»rnatc·
1238 2749 1240 2752 Α

123 2773 179 2847 ria,
200 2792 271 2851 quae
292 2771 355 2829 ficta
376 2788 469 2846 neque
489 2788 524 2826 ex
543 2766 630 2840 rebus
651 2787 718 2826 vere
742 2764 811 2825 actis
832 2765 931 2826 hausta
954 2768 1069 2828 nonnisi
1096 2793 1180 2832 exer-

93 2880 97 2889 ’
124 2852 269 2922 citationis
289 2852 354 2911 loco
379 2871 442 2909 csse
462 2861 560 2929 potest
579 2860 608 2908 et
628 2847 1024 2929 declamationemrequirit«
1063 2851 1181 2934 Aliquid

125 2934 267 2995 excidisse
295 2932 455 3012 suspicatus
485 2930 623 3010 Pithoeus
645 2943 712 3010 post
743 2951 854 3028 quoque
880 2929 1054 3012 interposuit
1078 2939 1182 2998 similis

125 3029 157 3078 et
177 3019 280 3075 Heum.
298 3037 356 3098 par
376 3035 391 3072 e
412 3011 532 3072 coniect.
559 3012 683 3087 Acidal,
713 3035 763 3091 qut
789 3011 833 3090 vel
858 3014 960 3077 similis
987 3015 1032 3072 vel
1049 3037 1107 3095 par
1133 3017 1180 3077 vel

126 3100 198 3160 talis
222 3097 286 3156 addi
313 3093 444 3170 volebat,
477 3093 567 3154 Orell.
595 3106 799 3153 autemoana.
841 3092 955 3168 Quibus
983 3096 1181 3161 additamentis

126 3201 188 3241 nou
216 3200 306 3260 opus,
334 3198 422 3258 quum
450 3177 624 3236 declamatio
647 3198 710 3236 oum
740 3176 767 3234 vi
788 3172 894 3249 dictum
916 3185 945 3235 et
965 3175 1038 3236 bene
1058 3181 1182 3262 explica·
1231 3184 1236 3200 ‘
1272 3218 1273 3226 κ

125 3275 189 3323 tum
209 3273 272 3321 ess‘e
293 3281 345 3340 per
364 3281 410 3318 vv.
433 3280 494 3337 sqq.
514 3259 672 3332 ingentibus
693 3258 782 3316 uerbis
798 3270 1008 3338 persequantur
1028 3274 1106 3322 recte
1126 3263 1181 3322 obss

127 3342 254 3405 servavit
272 3341 417 3401 Eckstein.
445 3339 509 3399 coll.
532 3340 668 3398 Garaton.
690 3341 723 3399 ad
741 3337 804 3399 Cic.
834 3359 876 3397 or.
897 3362 924 3420 p.
946 3339 1038 3405 Planc.
1063 3335 1091 3423 p
1113 3344 1181 3405 205.

127 3426 173 3487 ed.
188 3424 303 3483 Wund.
321 3435 350 3483 et
365 3421 490 3482 Schmid.
505 3421 547 3479 ad·
559 3423 632 3480 Hor.
646 3423 717 3501 Epp.
733 3422 759 3493 l,
777 3427 804 3493 2,
820 3426 847 3479 2.
867 3419 971 3496 Quint.
993 3437 1092 3483 contra
1113 3427 1183 3487 haec

125 3506 273 3590 praecepit
292 3507 327 3580 11,
345 3509 392 3577 10,
418 3509 444 3563 3.
487 3505 551 3562 Sint
571 3525 638 3577 ergo
660 3513 687 3561 et
704 3507 783 3584 ipsae
800 3507 959 3577 materiae,
980 3526 1053 3586 quae
1063 3503 1182 3586 fingen-

125 3603 194 3661 tur,
214 3608 300 3670 quam
319 3586 483 3645 simillimae
503 3587 635 3643 ueritati:
656 3595 683 3644 et
702 3586 891 3658 declamatio,
913 3589 942 3642 in
964 3598 1100 3667 quamtum
1116 3586 1182 3651 nra'-

125 3676 206 3732 aime
223 3680 336 3751 potest,
364 3671 492 3727 imitetur
511 3687 562 3726 eas
583 3669 724 3741 actiones,
751 3669 925 3749 inquorum
945 3672 1182 3731 coercitationem

124 3763 243 3835 repertu
264 3763 315 3811 est.

206 3852 452 3938 tyrannicidarum
476 3851 626 3934 praemia]
648 3851 764 3915 Nullae
792 3850 852 3911 lere
878 3851 1093 3913 declamationes
1121 3853 1182 3916 sre-

126 3938 295 4019 quentiores
322 3947 407 4014 quain
433 3935 467 3994 de
490 3935 622 4015 tyrannis
644 3947 674 3995 et
691 3933 887 4018 tyrannicidis.
905 3935 951 3993 vd.
971 3934 1103 3996 Bonnell.
1121 3937 1140 3998 l.
1162 3938 1181 3998 l.

81 4048 84 4060 ·
125 4045 155 4104 p.
177 4027 226 4080 27.
254 4018 356 4095 Quint.
376 4018 479 4090 11,·10,
500 4020 527 4075 5.
576 4016 654 4080 Nam
684 4036 783 4090 magos
800 4028 837 4076 et
860 4019 1050 4097 pestilentiam
1078 4029 1106 4078 et
1134 4041 1183 4079 re·
1256 4073 1260 4084 ,

125 4122 234 4184 spansa
254 4113 283 4160 et
301 4100 445 4160 caeciores
464 4102 586 4172 tragicis
608 4119 741 4172 novercas
762 4099 878 4179 aliaque
898 4102 992 4172 magis
1012 4101 1108 4160 adhuc
1134 4101 1183 4175 βι-

127 4187 230 4246 bulusa
241 4182 360 4263 frustra
382 4184 458 4240 inter
477 4183 639 4260 sponsiones
658 4191 688 4242 et
706 4180 859 4241 interdicta
877 4201 1063 4263 quaeremus..
1080 4171 1184 4259 Quinti
