2634 4656
116 271 181 333 208
247 358 249 363 Ι
371 297 380 304 ·
435 271 590 354 Dialogus
612 273 649 332 oie
675 234 857 335 Oratoribus
927 232 930 237 ι
1023 246 1029 255 ⁸

115 426 248 526 dedisse
284 442 417 524 operam
454 423 641 499 dialecticae
678 424 836 525 proficiet.
881 423 1001 499 'Alios
1036 423 1116 497 susa
1150 439 1181 499 et

115 527 261 627 aequalis
283 541 378 597 etex
402 525 632 597 communibus
665 527 762 598 ducta
787 525 941 598 sensibus
976 526 1084 598 oratio
1110 552 1181 598 ma·

115 627 167 737 gis
188 626 340 715 delectat:
373 623 416 699 ad
440 624 501 697 bos
530 625 1019 724 permovendosmutuabimur
1041 653 1061 697 a
1087 625 1182 699 Peri·

114 724 380 830 Piltlltl§.tlp¹08
406 740 437 797 et
458 724 492 796 in
519 721 649 798 onrnem
672 725 935 826 ¹disputationem
958 741 1094 826 paratos
1113 724 1187 799 iam.

117 902 121 907 ’
159 888 171 899 ”
189 894 272 976 fusa]
291 896 420 956 Deuotat
439 892 579 954 orationis
598 894 758 971 ubertatem
781 907 810 955 et
826 895 935 976 copiam
957 896 1091 956 concisae
1110 894 1178 957 bre-

115 979 197 1040 vitati
226 990 311 1058 atque
338 977 480 1059 ieiunitati
514 976 693 1036 contrariam.
729 975 787 1037 Cic.
817 978 852 1037 de
881 978 961 1036 Orat.
987 982 1023 1052 ll,
1052 982 1101 1051 15,
1131 983 1177 1040 64.

119 1063 279 1123 Verborum
296 1070 391 1119 atatem
412 1063 489 1126 ratio
510 1069 539 1118 et
557 1080 648 1139 genus
667 1058 920 1138 orationissusum
940 1070 1028 1141 atque
1047 1069 1177 1122 tractura

116 1154 146 1204 et
162 1165 225 1204 oum
246 1144 364 1201 lenitate
383 1142 510 1225 quadam
530 1142 676 1222 aequabili
692 1142 846 1222 profluens.
874 1148 922 1201 38.
944 1147 1010 1201 159.
1038 1152 1067 1200 et
1087 1164 1177 1218 gemes

115 1229 256 1288 sermonis
283 1222 372 1303 affert
399 1247 453 1284 non
481 1224 638 1304 liquidum,
665 1245 721 1283 non
738 1221 841 1302 fusum
869 1245 904 1284 oe
927 1224 1094 1306 profluens,
1122 1222 1180 1305 ‚sed

117 1309 210 1382 exile,
232 1308 366 1379 aridum,
388 1309 533 1365 concisum
554 1325 591 1364 oo
612 1308 759 1367 urinarum.
801 1307 850 1372 Sic
869 1328 884 1366 a
903 1305 1005 1381 Quint.
1019 1311 1055 1381 X,
1081 1312 1109 1380 1,
1130 1312 1178 1367 'ts

116 1386 275 1474 (cssannot.
296 1387 531 1469 llerbst.)'fnsus
552 1382 657 1463 dicitur
679 1388 848 1448 Herodotus
869 1401 899 1448 et
918 1394 965 1447 77.
983 1388 1160 1451 Aeschines.

197 1489 337 1571 aequalis]
358 1490 378 1546 l.
400 1509 424 1547 e.
448 1482 650 1547 cum'lenitate
670 1487 789 1565 quadam
808 1485 946 1568 aequabili
960 1484 1131 1568 profluens.

196 1609 234 1647 ea
253 1586 448 1647 communibus
463 1586 552 1645 ducta
571 1585 709 1663 sensibus]
730 1585 755 1644 1.
770 1583 842 1646 Cod.
857 1587 940 1645 Farn.
955 1586 1033 1667 Lips.
1050 1596 1082 1646 et
1099 1608 1178 1668 seqq.

116 1682 231 1753 praeter
251 1670 377 1744 Osann,
404 1669 454 1748 qui
475 1668 540 1728 lect.
562 1663 653 1727 Codd.
681 1667 744 1726 Par.
772 1666 858 1727 Vind.
880 1680 909 1727 et
928 1669 1096 1729 vualdo.
1115 1682 1177 1729 ser-

117 1754 247 1813 monibus
271 1750 426 1812 revocavit.
476 1752 521 1809 Ex
549 1761 646 1809 annot.
676 1748 823 1831 Spalding.
850 1750 886 1809 ad
909 1749 1013 1824 Quint·
1032 1755 1056 1822 l,
1077 1758 1109 1824 2,
1128 1753 1178 1813 '20-

118 1835 191 1896 disci
211 1845 319 1916 potest,
342 1833 493 1893 formulam
514 1854 613 1892 sensus
633 1836 790 1891 aomnrunir
810 1843 901 1891 aetate
914 1832 1030 1892 demum
1048 1832 1177 1916 Augusti

115 1918 169 1982 hac
196 1916 407 1998 significatione
434 1913 565 1975 absoluta
585 1914 628 1972 in·
645 1937 700 1972 usu
724 1936 788 1974 esse
816 1914 964 1994 coepisse,
991 1937 1084 1995 quum
1103 1909 1177 1997 apud

118 1998 289 2059 Ciceronem
311 1999 372 2079 (vd.
393 2019 436 2056 or.
457 2020 500 2077 pr.
522 1998 618 2056 Plane.
642 2002 677 2057 13
698 2007 728 2054 et
749 2002 794 2057 14.
817 1998 852 2057 de
870 1997 951 2057 Orat.
973 1998 996 2071 l,
1018 2003 1050 2071 3,
1073 2002 1176 2075 1att,

53 2152 55 2155 Ι
117 2087 167 2154 16,
189 2086 236 2139 68.
257 2101 417 2138 communes
436 2100 535 2137 sensus
553 2100 596 2136 or.
616 2099 659 2157 pr.
679 2076 793 2138 Cluent.
816 2086 854 2152 6.,
875 2078 906 2136 it.
922 2083 1083 2139 eommunis
1099 2101 1196 2141 meae·

115 2194 153 2208 --
174 2162 330 2240 prudentia
352 2193 386 2205 -
408 2161 552 2218 naturalis
569 2159 726 2239 prudentia
747 2183 790 2241 ap.
810 2160 1000 2222 Henricbsen.
1028 2161 1065 2221 ad
1096 2163 1175 2224 Orat·
1206 2180 1213 2196 ⁸

116 2247 155 2319 ll,
178 2249 227 2313 30,
253 2241 333 2322 132.)
353 2264 469 2323 ¹semper
490 2241 550 2301 lere
575 2240 682 2319 aliquid
707 2236 892 2325 adiungatur,
920 2244 997 2303 unde
1017 2265 1074 2325 pro
1097 2244 1176 2306 vario

47 2370 57 2389 .
114 2348 193 2386 nexu
215 2324 417 2404 disputationis
437 2324 543 2383 variam
563 2323 704 2383 locutioni
724 2325 961 2408 significationem
975 2325 1098 2386 tribuas.
1132 2328 1176 2389 Et

116 2407 213 2489 Spald.
232 2406 470 2491 interpretatione
489 2428 588 2466 sensns
607 2412 762 2466 communis
781 2409 818 2486 [le
839 2429 904 2467 sens
925 2406 1068 2473 commun
1082 2420 1115 2471 11
1127 2409 1176 2471 tbe

118 2512 254 2552 common
275 2490 369 2567 sense]
389 2512 432 2570 ap.
452 2489 486 2549 ad
505 2489 607 2563 Quint.
628 2499 673 2555 est
694 2488 796 2550 notitia
818 2511 929 2565 eorum,
949 2511 1023 2570 quae
1044 2512 1134 2553 nosse
1147 2502 1176 2553 11

23 2597 27 2602 ·
116 2573 225 2634 sentire
254 2571 384 2630 homines
413 2571 522 2642 solent;
561 2571 711 2650 prudentia
737 2571 828 2651 qtralis
854 2571 885 2630 in
912 2573 1015 2652 quovis
1048 2574 1174 2649 homine,

116 2656 204 2716 modo
226 2655 304 2712 inter
324 2653 454 2713 homiues
476 2667 606 2713 versatus
634 2653 723 2712 suerit
742 2675 901 2732 eorumque
923 2676 1019 2714 mores
1042 2668 1072 2716 ct
1087 2655 1176 2717 ‹insti-

114 2750 178 2797 tuta
199 2736 386 2817 cognoverit,
415 2735 572 2816 exspectari
602 2734 717 2807 debeat,
746 2737 797 2796 sed
824 2736 1007 2832 potissimum
1033 2738 1127 2817 qualis
1146 2736 1175 2799 ia

116 2842 172 2878 usu
194 2817 342 2877 bominum
363 2818 493 2876 familiari
514 2830 558 2877 est
579 2816 745 2876 necessaria.
786 2818 878 2877 Altam
897 2840 996 2878 sensus
1017 2824 1177 2881 communie

95 2923 162 2981 ap.
177 2901 256 2958 Hor.
277 2901 335 2959 Sat.
357 2904 379 2973 l,
403 2906 432 2973 3,
454 2905 500 2958 65.
522 2899 677 2980 proposuit
695 2899 913 2979 explicationem
932 2901 1068 2978 Heiadb,
1093 2914 1129 2962 ut
1146 2903 1176 2963 ia

20 3050 23 3055 ,
116 3002 152 3043 10
174 2982 290 3041 bomine
310 2980 397 3056 insit,
420 2982 468 3062 qui
491 2982 563 3042 hene
585 2981 699 3056 sentiat,
720 2982 789 3060 quid
810 2982 950 3042 deceatiu
965 2984 1063 3058 victu,
1084 2985 1175 3061 cultu,

116 3065 267 3125 bominum
288 3065 515 3137 consuetudine,
542 3076 570 3122 et
591 3063 640 3142 qui
661 3075 788 3144 tempus,
818 3064 931 3139 locunt,
959 3087 1102 3146 personas
1124 3066 1176 3128 ob-

117 3159 222 3207 servet.
251 3149 349 3206 luven.
370 3154 399 3221 8,
421 3152 468 3206 73.
508 3148 607 3206 Rarus
632 3149 714 3204 enim
725 3145 822 3223 serina
842 3168 941 3206 sensus
968 3152 1132 3211 eommunis
1147 3153 1187 3217 ia.

115 3231 169 3289 illa
188 3229 327 3293 Fortuna.
357 3228 459 3302 Quint.
481 3228 499 3287 l.
521 3227 539 3286 l.
577 3229 701 3286 xSensum
723 3231 831 3308 ipsum,
857 3234 907 3312 qni
925 3235 1084 3292 communis
1103 3232 1178 3293 dioi-

114 3321 179 3383 tnr‚
206 3311 254 3368 nbi
272 3311 377 3385 discet,
404 3333 491 3390 quum
510 3332 542 3369 se
563 3330 583 3368 a
607 3328 776 3386 congressu,
803 3315 926 3394 quinon
947 3306 1177 3377 bominibuseoss

115 3394 192 3465 lum,
220 3392 273 3450 secl
293 3396 379 3451 matis
406 3413 516 3474 panone
543 3393 717 3451 animalibus
735 3395 880 3452 naturalis
900 3403 961 3468 est,
989 3396 1177 3471 segregan't?
1212 3464 1216 3475 ‚

114 3474 235 3535 Plraedr.
255 3478 278 3548 l,
300 3481 329 3550 7,
350 3476 377 3534 4.
410 3476 510 3534 Seuer.
533 3475 567 3533 de
588 3473 685 3534 Benef.
706 3479 728 3548 1,
753 3481 797 3535 12.
839 3477 885 3535 Sit
903 3480 933 3535 in
952 3475 1093 3557 beneficio
1112 3500 1177 3539 san-

8 3564 11 3577 '
113 3579 163 3618 sus
180 3561 345 3633 communis,
366 3557 486 3638 tempus,
508 3558 612 3631 lorum,
629 3577 769 3637 personas
791 3557 936 3620 observet:
955 3563 1027 3640 qnia
1048 3582 1177 3621 momen-

112 3643 152 3700 tis
180 3640 323 3723 quaedam
350 3652 440 3714 grato
468 3640 508 3698 et'
522 3643 641 3713 ingrata
661 3649 734 3698 sunt.
762 3641 816 3719 Ep:
837 3646 864 3699 5.
892 3640 980 3721 (quae
1007 3653 1074 3702 tota
1099 3642 1175 3714 lectu

111 3722 200 3804 digna
221 3721 289 3803 est).
331 3722 395 3781 Hor
416 3725 543 3804 ,primum
571 3721 751 3803 pbilosopltia
772 3726 934 3807 promittit,
960 3744 1077 3784 sensum
1097 3746 1176 3786 oom-

6 3860 11 3878 ‚
114 3827 246 3878 rnunem,
273 3806 496 3864 humanitatem.
512 3814 540 3861 et
567 3808 831 3877 congregationem:
866 3824 887 3864 a
914 3826 971 3888 qua
994 3805 1177 3887 professione

110 3885 315 3947 dissimilitudo
335 3888 491 3968 separabit.
520 3888 571 3965 Ep.
595 3891 660 3944 105.
1086 3949 1089 3953 ,

196 3970 391 4028 mutuabimur
417 3988 437 4027 a
456 3969 658 4050 Peripateticis
685 3977 768 4049 aptos
789 3978 818 4027 ei
844 3972 874 4028 in
902 3989 1013 4028 omnm
1041 3971 1176 4052 disputa-

114 4053 221 4109 tionem
239 4055 301 4110 iam
319 4061 450 4133 paratos
468 4052 554 4109 locos.
596 4049 725 4128 Dabunt]
767 4049 859 4110 Codd.
882 4053 966 4111 Fara.
996 4051 1071 4132 (uisi
1096 4050 1176 4133 quod

108 4133 331 4216 peripatheticis
351 4134 481 4214 apertos)
502 4132 609 4192 Vatiae.
631 4137 706 4191 1518
729 4144 759 4193 et
781 4138 865 4193 1862.
887 4132 958 4214 (nisi
979 4136 1060 4214 quod
1080 4145 1177 4195 muta-

111 4217 219 4293 bimus,
232 4227 267 4276 ut
281 4214 353 4278 Cod.
364 4217 439 4292 Pau,
453 4237 514 4276 non
532 4215 736 4293 mulcabimus,
751 4228 786 4276 ut
801 4214 966 4279 Codvind.
984 4231 1014 4279 et
1022 4229 1094 4287 vett.
1103 4217 1175 4278 Edd.
