2634 4656
82 236 126 301 tt
407 233 564 318 Dialogus
584 234 622 296 do
646 232 830 295 Oratoribus

81 387 272 488 principum
295 388 389 465 turri¹
405 405 437 461 et
457 388 639 463 defendere
652 387 778 461 datur.-
833 388 928 467 Tum:
945 387 1029 461 mibi
1052 415 1159 487 supra

81 488 272 561 tribunatus
295 505 327 560 et
350 505 523 588 praeturas
549 506 582 563 et
607 486 799 563 consulatus
821 487 1002 565 ascendere
1030 486 1159 575 videor,

82 654 166 715 missi
192 655 222 715 16
251 656 368 718 civitate
401 656 562 719 valuerint
582 654 699 730 liberti,
734 652 920 738 potissimum
955 656 1025 737 inde
1053 646 1071 715 6
1099 642 1159 716 Ness

81 758 175 815 rone,
209 737 261 806 661
288 737 342 800 Pol
367 739 443 800 cleto
477 734 599 808 nimium
633 736 747 797 favebat
773 736 800 797 'v.
827 732 1160 819 111666ρὶ1161.

81 818 257 881 Tac-Anu.
273 823 319 880 ‘Xl
350 827 448 896 ,39.‚
472 830 619 880 testantur
643 819 730 879 'multi
755 819 814 879 loci
842 821 911 879 Tac.
935 821 1088 894 Anus-lv,
1110 810 1160 879 211·

81 902 159 982 Rup.
182 903 260 975 Xlll,
281 908 329 961 27.
356 902 431 961 Ρ116.
451 904 524 982 Epp.
548 904 600 975 Vl,
622 906 669 960 31.
700 902 823 960 sueton.
844 900 921 981 Aug.
943 907 991 960 67.
1012 934 1056 949 --
1085 900 1159 960 mul·

80 992 128 1042 tos
155 982 326 1043 libertorum
354 986 384 1041 in
412 984 521 1041 honore
548 991 577 1040 et
598 1003 652 1040 usu
678 987 811 1042 maximo
839 982 969 1041 lraduitj.
989 979 1093 1042 Claud.
1112 986 1159 1041 28.

80 1064 267 1123 Libertorum
287 1068 449 1142 praecipue
470 1068 602 1143 suspexit
617 1063 745 1122 Posiden
759 1063 921 1145 spadonem
938 1096 985 1121 -.
1000 1056 1102 1145 116113.
1112 1066 1160 1139 56.

82 1164 140 1219 uon
159 1148 222 1202 sino
243 1149 422 1203 couscientia
439 1149 707 1226 potentissimorum
730 1142 899 1204 libertorum
925 1143 1161 1223 praeseolomm-
1194 1158 1201 1171 ⁶

84 1244 140 1307 que
158 1230 312 1306 praetorii.
341 1227 440 1286 Vitell.
460 1234 488 1286 2.
527 1227 684 1285 Claudium
712 1229 853 1286 uxoribus
879 1227 1050 1307 libertisque
1075 1224 1161 1286 addi-

82 1316 163 1366 ctum
184 1319 238 1366 etc.
269 1307 381 1366 Liberti
401 1319 479 1367 tanta
496 1310 709 1387 Imperatorum
722 1309 819 1389 'gratia
839 1306 989 1367 llorentes·
1000 1306 1080 1383 ,baud
1095 1324 1161 1365 raro

82 1399 289 1470 procuratores
309 1388 438 1448 fuerunt.
474 1389 548 1448 Plin.
571 1392 645 1469 Epp.
667 1391 719 1463 Vl,
743 1388 791 1448 31.
812 1396 1083 1459 commemorantur
1101 1390 1162 1447 Eu-

82 1470 231 1553 rythmus,
253 1473 290 1543 X,
315 1476 360 1530 17.
382 1476 429 1530 36.
471 1471 626 1545 Maximus,
652 1468 784 1530 Caesaris
806 1462 966 1550 (Traiani),
989 1468 1161 1530 86610111

87 1559 114 1612 7.
137 1551 265 1611 Neronis
284 1562 495 1632 procuratores
517 1563 606 1632 utque
626 1552 730 1611 liberti.
779 1551 997 1610 Procuratores
1015 1550 1163 1632 (ere'epomt

84 1631 274 1713 -6ιοικηταί)
295 1633 421 1692 instituti
442 1632 476 1692 ab
499 1637 544 1692 An
589 1644 636 1693 sto
654 1655 680 1692 v.
697 1633 786 1693 Dion.
802 1630 883 1692 Cass.
898 1634 973 1707 Lttt,
988 1636 1036 1691 15.
1051 1654 1081 1712 p.
1095 1638 1163 1691 708.

82 1715 178 1775 lleim.
199 1715 268 1774 inde
287 1715 322 1773 ab
344 1736 367 1773 6.
390 1721 448 1773 727
475 1716 513 1773 U.
564 1757 589 1790 .,
619 1734 679 1793 quo
700 1714 866 1794 provincias
893 1735 959 1781 cum
981 1726 1089 1781 senatu
1107 1728 1163 1793 po·

82 1797 213 1878 poloque
234 1796 359 1876 partitus
387 1808 446 1869 est,
476 1808 511 1855 ut
531 1796 700 1876 provinciae
721 1795 883 1855 senatoriae
904 1788 1164 1874 (proconsulares)

83 1880 201 1954 essent,
234 1877 263 1935 in
285 1898 356 1956 quas
377 1890 584 1958 propraetores
606 1876 653 1937 vel
673 1876 867 1957 proconsules
888 1877 935 1936 vel
955 1876 1105 1956 praesides
1124 1908 1162 1923 -·

82 1961 207 2034 ἡγεμόνες
226 1958 448 2032 mittebantur,
462 1971 491 2017 et
513 1958 670 2018 Caesareae
691 1955 902 2040 (consulares),
924 1970 1008 2017 eraut
1029 1957 1163 2018 homiues

83 2040 190 2122 privati
215 2039 261 2098 vel
283 2039 396 2119 equites
423 2039 469 2099 vel
491 2039 642 2113 libertini,
669 2040 801 2118 quinon
822 2038 918 2099 solum
940 2039 971 2098 in
996 2038 1164 2120 provincias

84 2121 240 2182 Caesarum
262 2120 470 2196 mittebantur,
498 2133 533 2179 ut
553 2121 650 2179 omnia
670 2120 797 2197 tributa,
825 2120 937 2181 reditus
957 2120 1071 2202 aliaque
1089 2140 1164 2203 quae

82 2204 119 2265 ad
140 2203 242 2262 fiscum
264 2203 463 2282 pertinerent,
489 2201 680 2285 colligerent,
709 2204 793 2263 etiam
815 2202 846 2261 in
866 2202 1051 2277 minoribus,
1078 2201 1165 2263 tat-iu

82 2286 198 2358 Ponto,
230 2284 342 2363 Epiro,
369 2284 490 2357 ludaea,
525 2283 571 2342 ius
600 2283 731 2343 dicerent
758 2283 816 2365 (sie
842 2285 968 2344 Pontius
994 2284 1108 2345 Pilatus
1133 2282 1165 2343 iu

82 2388 170 2427 cerasa
192 2366 256 2425 lesu
280 2363 407 2446 Christi)
428 2378 459 2425 et
478 2363 635 2430 Caesarum
661 2365 779 2445 praedia
799 2386 974 2445 omnemque
994 2387 1063 2426 rem·
1081 2364 1164 2425 sami-

81 2448 185 2508 liarem
211 2444 465 2520 administrarent,
496 2446 547 2506 sed
576 2447 661 2506 etiam
689 2446 719 2504 16
746 2447 922 2517 senatorias,
951 2458 987 2505 ut
1011 2468 1083 2507 una.
1099 2466 1172 2507 cnm.

83 2529 289 2610 quaestoribus
309 2527 479 2609 vigesimam
504 2527 727 2601 hereditatium,
760 2528 836 2586 bona
856 2528 962 2587 caduca
977 2526 1092 2607 aliaque
1109 2526 1166 2587 111-

84 2611 155 2671 buta
181 2623 212 2670 et
241 2609 353 2669 reditus
379 2609 628 2669 extraordinarios
655 2608 686 2667 in
713 2610 817 2671 fiscum
845 2608 1004 2689 (aerarium
1025 2606 1166 2751 1111111612

34 2708 36 2713 ’
83 2691 240 2753 Caesarum
256 2700 412 2773 cogerent,
435 2690 513 2749 unde
528 2691 691 2748 rationales
711 2701 741 2749 et
763 2693 923 2749 rationarii
942 2688 1139 2765 Caesarum]

83 2783 238 2832 curatores
260 2771 448 2844 dicebantur,
476 2772 566 2850 quare
587 2771 668 2829 aba.
691 2776 758 2829 758.
779 2773 818 2830 U.
848 2771 955 2850 duplex
977 2792 1074 2853 genus
1096 2790 1166 2853 pros

83 2865 252 2915 curatorum
274 2864 320 2912 est
340 2851 573 2911 discernendum.
616 2849 662 2912 Cf.
684 2851 804 2912 Waleb.
826 2853 862 2913 ad
881 2852 980 2932 Agrir.
999 2855 1033 2915 4.
1050 2876 1079 2933 p.
1101 2854 1166 2915 1341

86 2937 132 2995 14.
154 2957 182 3015 p.
203 2938 272 2993 221.
309 2935 442 3014 Rupere.-
456 2934 491 2993 ad
511 2937 589 2993 Anu.
610 2935 663 3008 lv,
687 2936 732 2992 15.
768 2932 872 2994 Creuz.
891 2933 1059 2995 Abriss..d.
1075 2936 1166 2995 aaut

83 3014 261 3096 Α1161111.6.
285 3017 352 3074 184.
382 3017 466 3074 Fusa.
488 3012 592 3095 Comp.
618 3013 1005 3096 6611661166.6.129.·
1122 3072 1126 3079 ,
1157 3026 1164 3059 “·

170 3081 293 3157 1666161
312 3093 486 3178 defendere]
515 3098 595 3157 Haec
614 3116 781 3180 synonyma
802 3079 1041 3178 coniungantur:
1059 3086 1165 3159 ’(1666

84 3182 133 3241 14.
155 3181 237 3238 illum
259 3176 425 3256 defendere,
445 3183 532 3252 tueri,
553 3198 609 3237 sua
626 3198 737 3257 quoque
750 3176 953 3256 sortia-saeta
968 3180 1087 3253 gloriae
1105 3182 1166 3239 eius

83 3264 239 3334 assignare
262 3264 456 3341 praeeipuam
484 3269 703 3320 sacromentum
730 3254 782 3318 est'.
825 3257 887 3319 Cic.
904 3260 980 3339 Epp.
1001 3260 1039 3319 ad
1057 3261 1166 3321 Famae.

27 3354 30 3359 '
85 3343 166 3415 Xlll,
195 3342 244 3399 64.
290 3340 440 3422 Nysaeos,
469 3362 541 3421 quos
569 3341 649 3402 Nero
679 3345 709 3399 r'n
735 3344 840 3420 primis
854 3341 956 3417 utatur
982 3344 1167 3403 areauna

83 3422 368 3503 diligentissimeque·
387 3433 486 3483 tuetur
506 3442 544 3481 ao
566 3419 704 3500 defendit.
724 3421 760 3482 de
781 3421 901 3482 Orator.
920 3424 944 3496 l,
966 3427 1021 3497 68,
1043 3427 1112 3483 tta
1127 3454 1167 3469 ·-

82 3524 170 3588 posse
190 3522 222 3562 se
240 3500 337 3581 facile
357 3509 464 3564 esteris
484 3507 578 3563 armis
599 3503 775 3581 prudentiae
794 3507 874 3562 tueri
891 3513 981 3582 atque
1000 3501 1167 3581 defendere.

83 3588 121 3646 de
142 3586 226 3644 Finn.
248 3586 282 3659 ll,
306 3587 335 3646 4.
385 3586 474 3666 Quid·
495 3585 614 3644 dubitas
639 3589 730 3658 igitur
757 3585 790 3643 id
818 3588 911 3658 tueri,
941 3585 974 3644 id
999 3583 1169 3664 defendam,

83 3667 224 3728 Doederl.
243 3667 305 3725 Lat.
326 3667 399 3751 Syn.
422 3665 490 3725 Vol.
513 3666 561 3723 lV.
582 3687 610 3744 p.
633 3672 703 3725 306.
1002 3676 1005 3681 ’

81 3778 88 3785 ·
164 3744 274 3828 datur]
295 3748 451 3808 Structura
471 3746 557 3804 buius
576 3745 660 3805 verbi
680 3767 746 3805 cum
764 3746 913 3806 infinitivo
933 3756 1072 3806 anticum
1092 3756 1166 3809 coni

84 3829 285 3890 1666116611166Ι
308 3840 349 3903 61,
368 3838 431 3901 aut,
453 3848 489 3884 ne
504 3837 657 3906 poetarum
677 3839 707 3885 et
721 3827 898 3907 scriptorum
912 3838 1074 3908 argenteae·
1086 3832 1166 3889 stow

84 3910 123 3971 tis
134 3910 264 3992 *propria
280 3920 344 3985 est,
371 3929 444 3988 quae
464 3906 550 3966 {luxit
570 3926 612 3965 ex-
632 3906 794 3968 imitatione
815 3910 1013 3968 Graecorum:
1043 3910 1166 3971 Homer.

85 3992 118 4051 ll.
135 3998 166 4067 3,
183 3998 252 4051 322.
273 3995 316 4049 uir
336 3995 382 4058 ote
401 3994 588 4064 dnopdr'peror
607 3994 680 4049 ddrut
699 3990 888 4064 ὄό,6ον’”Α’ίόος
903 3999 977 4050 εἴσω.
1000 3993 1076 4049 Hor.
1089 3993 1165 4072 Epp.

86 4074 109 4147 l,
134 4078 184 4147 16,
206 4077 254 4133 61.
296 4073 348 4131 Da
375 4073 449 4132 mitt
466 4069 593 4150 fallere,
625 4072 667 4130 da
693 4076 769 4131 iusto
789 4083 949 4151 sanctoque
971 4073 1072 4131 rideri.
1095 4072 1164 4153 ibiq.

85 4149 216 4217 Sebuid.
236 4152 304 4212 Tac.
325 4153 403 4233 Anu.
424 4154 474 4228 lV,
497 4159 525 4214 6.
546 4186 584 4221 ·-.
608 4152 793 4234 dabaturque
812 4155 991 4234 primoribus
1010 4154 1164 4215 drssuere.

31 4324 128 4360 Ᾱ
