2634 4656
193 266 239 329 80
425 301 430 311 .
518 262 676 345 Dialogus
695 266 732 327 de
756 261 979 357 maioribus·
1104 320 1110 329 ,

194 367 251 495 aut
265 416 441 493 Messallae
465 415 553 491 liber
577 434 644 491 tam
663 415 873 509 illustrisest
897 436 998 519 quant
1012 417 1136 495 Medea
1154 407 1270 494 Ovidii

193 536 255 597 aut
275 517 369 594 Varii
393 517 566 619 Thyestes.

191 690 303 753 Famm.
323 689 362 760 X,
382 690 430 747 31.
450 687 565 770 Meyer.
584 696 670 745 oratt.
693 685 781 747 Rom.
799 682 902 769 fragm.
921 704 951 769 p.
971 690 1030 747 211
1053 706 1097 767 sq.
1124 685 1269 747 Wester-

191 792 290 833 mauu.
311 768 419 829 Gescb.
441 768 468 827 d.
487 774 563 827 rum.
582 767 718 828 Beredts.
736 766 763 848 ᾖ.
786 773 834 827 69.
853 770 893 828 24
909 790 952 849 sq.
973 769 1136 827 Druurann.
1148 766 1268 835 ,Gescb

193 854 296 913 Itoms.
317 850 384 910 Vol.
403 853 438 908 Il.
460 870 488 929 p.
513 853 635 908 1-12.
665 846 720 909 Cb.
742 849 779 907 H.
804 849 959 908 Ecldrardt.
981 850 1017 908 de
1037 838 1071 909 C·
1093 848 1178 908 Asin.
1197 846 1269 909 Pol·

192 934 290 1007 lione,
320 930 422 1009 iniquo
444 929 544 1010 optim.
566 928 681 989 Latinit.
702 941 855 989 auctorum
885 950 1017 989 censore.
1044 931 1103 989 len.
1126 933 1217 990 1743.
1237 930 1267 991 4.

190 1017 214 1077 l·
235 1018 272 1074 a.
293 1011 458 1071 Thorbeck.
486 1023 640 1070 comment.
662 1012 697 1071 de
719 1009 752 1072 C.
774 1011 858 1071 Asin.
878 1012 1005 1072 Pollion.
1028 1011 1089 1071 vita
1112 1022 1142 1073 et
1161 1010 1267 1072 studiis

193 1093 351 1156 doctrinae.
379 1094 471 1174 bugd.
492 1094 555 1151 liat.
578 1098 665 1153 1820.
685 1099 713 1151 8.
1261 1132 1266 1161 :

233 1243 244 1252 ,
278 1184 332 1234 aut
352 1175 522 1251 Messallae]
545 1171 619 1234 cod.
639 1174 813 1255 Farn.Lips.
832 1172 867 1234 al.
888 1194 960 1254 qnae
975 1174 1119 1254 scriptura
1140 1182 1268 1253 praestat

142 1276 145 1281 ’
191 1270 303 1319 ceteras
324 1256 469 1315 lllesallae
484 1254 531 1313 vel
555 1256 705 1314 Messalae
725 1276 740 1315 a
761 1255 844 1315 mult
859 1257 933 1316 Edd.
952 1267 1101 1335 receptasz
1123 1254 1268 1325 vd.,For·

192 1338 257 1400 cell.
277 1338 347 1397 Lex.
367 1359 389 1395 s.
410 1356 437 1395 v.
461 1347 490 1395 et
509 1335 608 1395 Wies.
629 1349 784 1396 comment.
805 1330 833 1418 p.
855 1344 883 1396 5.
926 1339 969 1395 Μ.
1001 1339 1096 1396 Valer.
1119 1337 1267 1397 Messalla

195 1422 343 1492 Carvium,
363 1417 403 1477 iil.
421 1418 462 1476 M.
481 1416 578 1476 Valer.
594 1415 755 1493 Messallae,
776 1430 833 1477 nat.
855 1423 923 1478 685.
940 1420 978 1477 U.
996 1416 1030 1479 C.
1050 1428 1138 1477 mort.
1159 1422 1267 1495 7569.

176 1508 280 1574 ,757.,
301 1498 415 1559 iuvenis
437 1519 563 1580 genere,
591 1496 728 1579 ingenio,
755 1498 918 1559 litterarum
939 1499 1038 1559 studio
1064 1498 1268 1579 libertatisque

192 1603 292 1643 amore
313 1579 541 1639 florentissimus
562 1601 651 1658 quum
672 1600 688 1638 a
709 1580 840 1660 partibus
861 1581 949 1640 Bruti
968 1594 998 1641 et
1018 1578 1113 1641 Cassii
1134 1580 1268 1642 stetisset

192 1676 222 1731 et
241 1662 424 1745 proscriptus
448 1673 543 1735 essct,
568 1670 671 1740 postea
690 1661 854 1721 Antonium
875 1673 1001 1722 sectatus
1023 1673 1083 1737 cst,
1112 1682 1210 1742 aquo
1230 1660 1268 1729 ad

192 1744 384 1807 Octavianum
398 1755 599 1825 transgressus
615 1742 649 1801 ab
663 1762 699 1803 eo
714 1764 828 1803 summo
844 1743 959 1803 bonore
970 1740 1086 1803 habitus
1106 1755 1137 1803 ct
1154 1763 1179 1802 a.
1191 1736 1267 1805 723.

190 1826 343 1891 consulatu
360 1835 480 1883 ornatus
497 1835 549 1884 est.
593 1823 692 1902 Aquo
712 1824 819 1885 missus
833 1825 867 1884 ad
882 1824 1047 1903 Aquitanos
1065 1824 1268 1903 debellandos,

189 1909 222 1969 in
236 1922 299 1987 'qua
316 1904 502 1987 expeditione
521 1904 689 1979 Tibullum,
710 1906 885 1967 carminibus
905 1904 1005 1965 laudes
1025 1927 1092 1967 suas
1112 1902 1267 1967 celebran-

189 2001 249 2050 tem
274 1986 337 2068 (vd.
360 1985 442 2067 Elcg.
462 1989 486 2059 1,
509 1991 535 2044 7.
557 1997 588 2044 et
606 1991 706 2063 1V‚,t.
736 1986 942 2066 ibiq.1)issen.
964 1988 1045 2067 quod
1064 1988 1170 2047 Horat.
1189 2008 1268 2067 quo-

191 2088 248 2150 que
277 2079 307 2129 et
334 2066 416 2147 Virg.
442 2063 593 2144 iecerunt)
621 2066 757 2127 comitem
783 2067 904 2144 babuit,
934 2080 964 2127 et
991 2069 1026 2127 ad
1055 2089 1103 2129 res
1131 2068 1267 2129 Orientis

189 2148 943 2310 Militanti·,Mttttltttlttt
967 2149 1268 2299 {ildihiiiiuii

108 2364 113 2373 .
191 2313 225 2373 ab
233 2311 372 2392 Augusto
386 2309 547 2368 honoratus
561 2308 726 2368 consenuit.
752 2311 797 2369 De
808 2309 915 2371 litteris
928 2322 1025 2371 antem
1036 2311 1140 2372 melius
1157 2313 1269 2375 meruit

190 2415 276 2474 quam
292 2391 413 2451 Asinius
434 2389 548 2465 Pollio,
570 2409 629 2469 quo
649 2390 886 2472 vaniloquentior
904 2392 952 2453 bic
972 2405 1003 2455 ct
1023 2413 1082 2473 quo
1102 2392 1270 2455 modestior

189 2476 252 2557 ipse
271 2474 336 2553 luit.
379 2472 581 2533 Orator-snae
601 2470 701 2531 aetatis
724 2472 787 2532 fere
815 2474 992 2535 clarissimus
1013 2475 1132 2555 scripsit
1159 2474 1289 2539 mulus.

189 2556 358 2628 orationes,
378 2565 413 2614 ut
433 2564 536 2614 contra
554 2552 711 2627 Aufidiam,
732 2576 788 2635 pro
808 2552 968 2630 Libui-uia,
997 2577 1053 2637 pro
1065 2556 1267 2641 .Pytbodoro,

128 2678 134 2687 ,
191 2651 293 2699 contra
312 2635 436 2703 Antonii
457 2636 579 2703 litteras,
598 2635 634 2695 de
653 2635 778 2697 Antonii
797 2636 910 2696 statuis.
931 2636 974 2708 al;
995 2636 1091 2734 attigit
1112 2636 1268 2699 historiam

190 2720 239 2860 {pt
260 2716 330 2777 belli
350 2714 477 2795 civilis),
505 2715 640 2774 tractavit
658 2738 706 2776 res
724 2717 923 2798 grammaticas
942 2729 973 2777 et
992 2718 1105 2800 pepigit
1121 2730 1268 2800 poemate·

217 2800 236 2857 f.
255 2797 380 2879 niatogs
396 2803 442 2855 17.
466 2802 512 2877 18.
532 2803 582 2854 20.
607 2800 661 2856 21.»
694 2797 799 2872 Quint.
825 2803 1002 2873 X,1,113.
1049 2799 1093 2859 Aa
1117 2798 1268 2867 Messana

188 2880 302 2939 nitidas
317 2887 347 2936 et
371 2877 512 2945 candidus
533 2887 562 2936 st
583 2878 794 2957 quodammodo
817 2879 988 2961 praeafisrens
1014 2883 1046 2939 ia
1072 2880 1194 2942 dicendo
1212 2904 1268 2943 no-

188 2962 332 3030 bilitatem
351 2979 454 3033 suam,
476 2959 582 3019 viribus
602 2957 704 3027 minor.
732 2962 835 3021 Senee.
856 2959 1000 3022 Controv.
1017 2965 1055 3037 lt,
1078 2967 1124 3021 12.
1144 2984 1174 3044 p.
1195 2966 1267 3025 171.

113 3080 117 3085 -
188 3043 254 3124 Bip.
299 3041 369 3100 Fuit
388 3053 487 3101 arnam
507 3041 652 3099 Messalla
679 3045 861 3101 exactissimi
886 3037 995 3117 ingenii
1023 3047 1053 3101 iu
1073 3064 1174 3103 omnes
1250 3080 1267 3093 -

189 3125 255 3193 dem
273 3120 435 3182 stadiorum
474 3132 572 3195 ames,
602 3121 707 3181 Latini
727 3127 824 3204 utique
844 3128 985 3184 sermonis
1006 3124 1176 3185 obseruator

186 3209 381 3281 acutissimus.
416 3201 462 3263 C.
491 3200 618 3263 Ellendt.
646 3203 784 3286 Prolegg.
811 3204 916 3265 histor.
938 3204 1014 3284 eloq.
1041 3207 1128 3265 Rom.
1149 3217 1206 3267 etc.
1235 3229 1265 3289 p.

189 3286 314 3357 cxxxt
344 3306 387 3362 sq.
438 3284 661 3343 Westermauu.
698 3285 806 3353 Gescb.
842 3287 869 3347 d.
897 3292 972 3351 rim.
998 3286 1132 3349 Beredts.
1158 3286 1198 3369 §.-
1215 3294 1265 3349 70.

187 3368 301 3462 Meyer.
321 3365 422 3445 fragm.
442 3386 471 3444 p.
491 3371 551 3423 208
568 3384 612 3442 sq.
633 3365 809 3437 Weicbert..
822 3378 932 3445 poetar.
951 3368 1027 3427 Latt.
1046 3368 1129 3446 reliq.
1148 3389 1177 3448 p.
1193 3373 1266 3431 361.

187 3450 289 3587 Wrep.
309 3445 515 3505 commentatio
535 3445 572 3505 de
585 3447 626 3504 M.
643 3445 837 3509 Mess..Corv.
853 3448 915 3511 vitu
933 3459 963 3507 et
977 3448 1266 3521 studiisdoctrinac.

184 3530 284 3591 Bero-
306 3532 394 3587 1829.
416 3532 444 3586 8·
1164 3552 1173 3581 ι
1256 3572 1261 3587 .

269 3609 367 3669 Ouidii
384 3609 494 3669 Medea
515 3618 569 3667 aut
593 3610 677 3667 Varii
696 3608 844 3691 Thyestes]
879 3610 999 3685 Medea,
1028 3630 1115 3689 quam
1136 3609 1265 3677 Ovidius

83 3690 87 3697 ’
187 3713 223 3752 ex
244 3690 405 3750 imitatione
425 3689 599 3769 Euripideae
619 3688 671 3771 (ef.
693 3690 859 3750 Blnemner.
881 3692 931 3751 iib.
951 3693 978 3752 d.
993 3692 1094 3773 Medea
1115 3692 1265 3772 d.·Enrip.

185 3795 214 3854 p.
237 3771 280 3852 9.)
301 3784 385 3835 natus
407 3771 524 3833 cirtiter
543 3776 583 3830 30
606 3790 698 3829 annos
724 3772 860 3850 scripsit,
881 3785 916 3831 ut
935 3785 1015 3853 patet
1034 3794 1069 3831 ex
1088 3776 1192 3834 Amor.
1211 3776 1265 3849 ill,

190 3860 219 3925 1,
229 3859 277 3912 29.
288 3874 317 3911 v.
338 3852 416 3911 lslrn.
438 3852 547 3912 introd.
570 3850 600 3909 iu
625 3850 712 3911 Ovid.
733 3851 835 3911 Amor.
855 3853 922 3912 Vol.
931 3859 952 3911 l.
973 3861 1092 3934 peso,
1114 3856 1264 3915 interno-¹

186 3932 341 3993 bilissimas
362 3934 525 4014 tragoedias
547 3930 745 4006 referebatur,
776 3955 861 4012 quam
881 3935 1064 3995 intercidisse
1084 3954 1266 4016 magnopere

187 4013 346 4077 dolendum
366 4026 420 4073 est.
460 4014 506 4074 De
533 4014 634 4094 fragm·
661 4011 724 4072 eius
752 4013 788 4072 cf.
814 4016 915 4075 Burm.
943 4015 978 4075 ad
1005 4016 1128 4075 Antbol.
1154 4017 1216 4075 Lat.
1238 4020 1264 4091 1,

129 4160 132 4166 ,
188 4101 257 4157 128.
275 4093 343 4153 Vol.
362 4099 384 4151 l.
405 4117 434 4174 p.
459 4097 525 4156 149.
552 4092 712 4154 Weicbert
736 4093 772 4155 de
789 4096 825 4163 l..
847 4098 923 4156 Var.
936 4120 964 4178 p.
987 4104 1034 4158 99.
1071 4096 1211 4158 Leutscb.
1231 4096 1264 4157 in

186 4175 291 4239 Erscb.
317 4186 349 4238 et
376 4175 472 4241 Grnb.
492 4175 613 4262 Eneycl.
633 4176 681 4235 ltl.
714 4175 793 4241 Sect.
814 4178 882 4241 Vol.
902 4185 931 4240 8.
951 4202 980 4261 p.
1002 4186 1051 4241 62.
1083 4178 1208 4241 Plancis..
1226 4178 1265 4241 ad
