2634 4656
111 280 156 347 64
436 276 595 360 Dialogus
614 278 659 373 do·
678 275 863 341 Oratoribus

112 434 207 537 quod
237 458 343 508 unum
372 457 447 506 esse
476 431 621 531 pretium
654 431 763 503 omnis
788 428 915 503 laboris
948 431 1001 505 s'ui
1032 428 1207 520 latentur,-

114 562 219 635 aeque
241 540 359 634 poetas
377 540 478 630 quam
504 546 653 603 oratores
676 530 847 629 sequitur,
882 529 1041 628 quoniam
1061 528 1191 601 medio-

101 635 179 708 ‘cris
205 649 320 734 poetas
353 658 452 703 nemo
485 630 593 717 novit,
628 629 736 702 bonos
765 629 875 728 pauci.
927 628 1077 724 Quando
1104 628 1191 701 enim

113 733 357 806 rarissimarum
384 729 613 802 recitationum
638 726 725 800 lama
751 728 787 799 in
813 743 913 800 totam
944 726 1065 798 urbem
1090 752 1193 826 pene-

114 835 202 907 trat?
227 829 352 904 nedum
377 846 415 902 ut
438 855 501 928 per
525 843 573 898 tot
598 826 786 927 provincias
811 825 1005 899 innotescat.
1058 824 1193 921 Quotus

116 932 276 1045 quisque,
303 956 406 1027 quum
432 956 472 1000 ex
492 924 653 1026 Hispania
674 925 725 998 vel
748 925 850 1012 Asia,
875 952 917 997 ne
943 923 1028 1024 quid
1053 925 1097 997 de
1111 922 1194 997 Gat-

115 1029 156 1102 lis
188 1028 312 1101 nostris
342 1027 480 1125 loquar,
512 1025 549 1097 in
581 1023 700 1098 urbem
729 1024 835 1112 venit,
870 1023 1018 1097 Saleium
1050 1024 1194 1097 Bassum

118 1180 237 1255 nunna,
265 1179 368 1256 Quint.
389 1182 426 1255 ιι,
450 1183 500 1255 12,
523 1181 551 1238 s.
577 1177 674 1260 span.
699 1178 787 1240 one.
806 1183 843 1256 ιι,
867 1185 895 1240 a.
921 1177 1014 1259 fama
1041 1188 1073 1240 a
1098 1162 1195 1263 aptaro,

117 1264 320 1324 liberalitatis:
342 1259 424 1323 Caes.
445 1261 479 1319 Β.
500 1257 534 1321 C.
553 1263 578 1333 1,
599 1267 648 1320 82.
669 1264 766 1342 opinio
776 1259 931 1345 famaque.
1050 1264 1054 1271 '

200 1348 248 1405 our'
270 1346 328 1404 soli
347 1343 485 1420 seruiunt]
521 1340 608 1401 Ovid.
635 1340 737 1401 Amor.
757 1346 781 1418 1,
807 1347 854 1404 15.
880 1344 916 1404 de
943 1342 1017 1403 lama
1042 1352 1197 1425 poetarum

117 1425 259 1508 perenni,
281 1425 359 1485 unde
373 1435 487 1483 tanturn
507 1422 650 1504 exscripsi
669 1446 697 1484 v.
719 1429 746 1484 6.
767 1436 797 1484 et
819 1431 847 1485 7.
887 1426 1018 1485 Mortale
1035 1433 1098 1500 ost,
1119 1422 1199 1507 quael

119 1511 250 1593 quaeris,
273 1529 361 1590 opus:
392 1506 466 1564 milri
482 1501 574 1583 sama
590 1508 727 1585 perennis
744 1505 922 1587 Quaeritur,
951 1500 1064 1565 in'tato
1084 1526 1198 1589 semper

121 1600 154 1649 at
170 1590 239 1649 err-la
251 1608 352 1648 canar.
388 1584 587 1667 Metamorph3
598 1588 665 1661 XV,
680 1592 738 1646 871
757 1609 800 1668 sq.
816 1587 885 1667 ihiq.
903 1587 990 1648 Baeh.
1006 1586 1073 1647 Art.
1087 1586 1197 1648 amand.

120 1674 171 1746 111,
191 1671 337 1731 tot-5.
385 1667 467 1749 Quid
490 1671 603 1747 petitur
630 1671 726 1726 saeris
752 1672 810 1729 nisi
835 1679 950 1729 tantum
969 1667 1063 1749 sama
1080 1668 1199 1752 puetis?
1224 1668 1229 1679 '

119 1752 188 1812 Hoc
207 1761 303 1811 uotum
321 1754 416 1810 nostri
429 1768 546 1808 summa
560 1748 670 1808 lalrorr's
682 1749 780 1809 habet.
807 1751 880 1811 Stat.
897 1750 971 1811 Silv.
987 1755 1038 1826 lV,
1046 1752 1078 1824 4,
1087 1754 1128 1811 49
1143 1760 1199 1811 etc.

122 1856 174 1895 nus
196 1837 258 1893 otia
279 1837 345 1891 miti
362 1833 503 1891 Salamur
520 1841 625 1906 cantu,
653 1842 825 1914 ventosaque
843 1832 958 1906 gaudia
968 1829 1078 1912 samaa
1099 1830 1200 1913 Quae-

120 1920 220 1975 rimus.
251 1912 494 1992 Ovid.'rrist.1‚
517 1917 546 1986 1,
567 1916 616 1972 53.
665 1913 765 1973 Donec
785 1933 869 1973 eram
887 1934 1005 1996 sospes,
1034 1915 1117 1973 tituli
1132 1924 1199 1973 tan-

119 1997 214 2072 gebar
235 2016 355 2069 amare,
383 1993 608 2076 Quaerendique
631 1995 704 2053 milri
722 1998 846 2054 nominis
867 1995 961 2054 ardor
985 2004 1064 2054 erat.
1089 1997 1129 2069 t,
1152 2000 1199 2073 12,

123 2084 182 2138 137
203 2099 245 2156 sq.
285 2078 418 2158 Denique
436 2097 493 2135 non
512 2096 623 2155 parnas
644 2078 743 2134 animo
765 2076 819 2135 dat
843 2078 943 2151 gloria
965 2079 1058 2152 eires,
1072 2074 1130 2135 'Et
1149 2072 1200 2155 seq

121 2160 217 2220 cunda
231 2156 309 2238 sarit
326 2167 447 2239 pectora
470 2157 567 2216 laudis
584 2176 690 2216 amor..
718 2156 853 2218 Nominis
872 2169 902 2239 et
921 2156 1030 2237 famae
1054 2156 1202 2239 quandam

115 2239 236 2321 fulgore
257 2239 415 2313 trahebar,
444 2238 525 2297 Dum
545 2239 613 2297 tulit
639 2247 783 2297 antennas
804 2259 881 2298 aura
901 2239 1029 2299 secunda
1048 2258 1141 2298 meas.

98 2318 100 2323 ’
201 2341 294 2404 aeque
313 2330 430 2403 poetas·
454 2313 522 2379 uam
549 2329 684 2379 oratores
710 2321 850 2402 sequitur]
882 2321 928 2381 De
955 2318 1083 2381 formula
1109 2338 1203 2403 aequo

125 2439 166 2453 -
186 2423 274 2485 quam
294 2343 524 2476 111111051ήο
546 2411 576 2460 et
595 2399 717 2460 maxime
738 2400 933 2481 scriptoribus
953 2413 1108 2484 argenteae
1127 2414 1205 2463 aeu-

125 2484 164 2544 tis
193 2484 299 2544 usitata
326 2484 373 2543 v'd.
402 2482 496 2542 Hand.
516 2483 604 2542 Ture.
628 2481 692 2541 Vol.
712 2486 733 2542 1.
753 2504 782 2563 p.
807 2487 874 2541 191.
909 2484 977 2545 Tac.
1001 2482 1077 2542 Aun.
1097 2484 1135 2558 ll,
1155 2487 1204 2545 52.

124 2566 178 2626 sed
202 2568 276 2625 nilril
303 2586 394 2649 aeque
422 2563 580 2624 cavebatur
615 2584 703 2646 quam
735 2584 771 2622 ne
798 2564 903 2623 bellum
938 2574 1017 2623 metu
1046 2564 1205 2625 eluderent.

125 2647 203 2706 nin.
225 2652 275 2722 Ν,
297 2651 346 2707 52.
398 2647 594 2726 Vespasianus
620 2645 703 2704 harad
730 2666 823 2726 aeque
851 2645 1025 2705 Domitiano
1052 2649 1207 2723 mitigatur

126 2750 214 2812 quam
237 2729 297 2787 Titi
312 2732 424 2809 pietate
443 2725 577 2801 gaudens
605 2725 679 2785 bana
707 2746 769 2785 esse
791 2730 890 2785 animo
910 2722 1206 2802 tntae.1t‚1o.ibt.

126 2809 215 2868 Bach.
256 2812 346 2891 Sequi
365 2829 398 2868 ea
419 2808 576 2882 dicuntur,
598 2827 672 2885 quae
692 2827 754 2866 non
776 2806 904 2886 quaesita
924 2819 954 2868 et
970 2807 1135 2884 arcessita,
1156 2748 1208 2871 a&

128 2890 209 2971 quasi
231 2912 282 2949 sua
303 2901 408 2970 sponte
428 2888 515 2948 nobis
537 2888 722 2970 contingunt.
752 2887 787 2947 cl.
808 2888 884 2948 Plin.
907 2890 980 2970 Epp.
1000 2893 1024 2965 1,
1047 2895 1076 2949 8.
1118 2890 1210 2973 Sequi

64 2962 73 2974 ’
127 2975 202 3030 enim
227 2974 341 3046 gloria,
368 2992 426 3030 nan
453 2973 555 3053 appeti
580 2969 673 3029 debet.
706 2969 825 3030 Sallust.
852 2969 937 3049 Catil.
958 2973 1006 3032 54.
1035 2992 1094 3053 qua
1114 2976 1209 3033 minat

125 3055 254 3129 gloriam
278 3053 415 3134 petebat,
443 3072 477 3112 ea
498 3054 595 3126 magis
613 3050 788 3134 sequebatur
814 3050 885 3132 ibiq.
914 3052 1005 3113 Kritz.
1042 3052 1208 3135 Quint-X,

128 3142 147 3196 2
180 3141 228 3194 27.
251 3135 370 3194 Herbst.
800 3160 805 3176 ι

130 3181 531 3378 ..11111111
552 3208 659 3377 11
684 3216 965 3356 111111
986 3216 1211 3361 11111

266 3342 272 3355 .
397 3340 403 3353 .
533 3341 540 3354 .
583 3338 589 3353 .
654 3337 680 3368 .,
859 3338 866 3352 .

130 3379 283 3452 Τεείῑιιιιι,
304 3378 334 3436 in
356 3398 412 3461 qua
432 3360 598 3458 recipien⁸da
618 3377 746 3437 editores
768 3376 968 3439 inconstantes
989 3379 1120 3457 fuerint,
1142 3322 1212 3442 1151-

13 3506 21 3517 .
131 3480 190 3540 que
208 3459 341 3518 revocari
368 3458 440 3519 vult„
487 3460 534 3519 De
555 3457 701 3519 sententia
726 3457 763 3517 el.
791 3458 865 3516 Hor.
894 3461 960 3520 Art.
987 3472 1068 3542 poet.
1089 3468 1151 3524 372
1167 3482 1212 3543 eq.

131 3540 325 3601 mediocribus
345 3560 407 3600 esse
431 3544 528 3622 poetis
547 3539 616 3602 Non
635 3541 784 3612 loannes,
813 3560 871 3598 nan
891 3542 939 3625 di,
968 3564 1024 3603 nun
1048 3562 1214 3605 tonsurare

130 3625 288 3685 columnae.

166 3743 169 3749 ·
212 3705 317 3763 nedum
332 3704 374 3781 ut]
394 3701 568 3784 Exemplum
587 3711 761 3765 structurae,
772 3701 893 3762 rarioris
915 3703 1005 3763 offert
1018 3704 1150 3784 Liv:111‚
1165 3706 1214 3769 14.

56 3852 60 3863 „
132 3805 169 3844 no
189 3807 253 3846 aare
271 3785 388 3868 quidem
407 3783 606 3850 incommoda,
627 3781 733 3839 nedum
755 3793 786 3840 ut
805 3786 868 3842 ulla
886 3789 928 3843 ais
937 3784 1039 3864 fieret.

216 3867 343 3948 nequid
362 3866 399 3924 ela
422 3866 518 3925 Gallis
536 3864 645 3923 nastris
665 3864 781 3943 loquar]
802 3864 885 3946 Aper
904 3866 961 3926 suit
982 3867 1096 3928 Gallus.
1131 3867 1215 3929 Seri-

133 3956 235 4027 ptores
264 3947 469 4006 anominibus
496 3957 641 4006 terrarum
662 3954 693 4002 et
712 3944 830 4003 urbium
852 3947 887 4006 ad
911 3948 1028 4008 nomina
1048 3948 1215 4011 incolarum

40 4062 44 4068 ·
136 4038 291 4089 transeunt
317 4039 347 4087 et
376 4039 486 4087 contra.
524 4027 591 4085 Tac.
620 4028 697 4083 Anu.
718 4028 755 4102 Il,
778 4028 826 4086 48.
876 4028 1029 4106 Tanatus,
1058 4031 1217 4093 Philadel-

133 4108 261 4191 phonas,
286 4105 736 4190 Augentum-Apollonidenses,
761 4111 867 4190 quique
887 4112 1019 4183 'lllostem'
1038 4124 1093 4172 aut
1115 4115 1217 4177 Maee-

136 4191 225 4253 dones
244 4188 380 4274 Hyrcani
394 4199 547 4268 maantm,
567 4197 598 4249 et
613 4188 892 4267 Hierocaesaream‚
913 4193 1077 4277 Myrr‘nam,
1097 4194 1217 4279 Cymen,
