2634 4656
109 204 155 262 ‘tt
447 194 606 279 Dialogus
629 192 667 256 de
689 190 875 255 Oratoribus
951 174 958 180 ⁴

112 348 258 423 Saleium
276 350 568 447 Bassum,'qnnm
589 347 752 447 optimum
768 343 875 416 virum
892 358 963 415 turn
982 336 1194 413 absolutissi·
1243 350 1246 437 ξ

113 477 205 523 snum
225 449 380 548 poetam?
431 448 538 519 Porro
565 447 594 518 si
620 447 749 546 poetica
776 458 978 530 accusatur,
996 467 1066 512 nou
1092 437 1193 511 alitam

114 547 212 620 video
243 574 336 619 rcum
368 545 629 647 locupletiorem.
687 544 833 616 Securus
859 541 919 629 sit,
954 538 1065 639 inquit
1091 540 1193 637 Aper,

116 685 148 746 in
173 684 353 747 sodalitatem
377 685 578 761 assumebant,
598 682 645 744 uel
661 682 815 742 bominum
831 681 1006 757 doctorum,
1024 678 1135 760 quibus
1151 676 1195 737 di-

117 766 222 849 scipuli
242 766 452 837 adhaerebant;
479 752 569 839 unde
586 765 808 835 contubernales
827 760 1019 831 dicebantur„
1043 761 1101 819 Vd.
1119 757 1195 823 Plin.

118 848 192 930 Epp.
212 850 277 920 Vll,
300 852 349 922 1⁵,
370 854 399 907 3.
426 848 508 907 Suet.
527 847 604 929 Aug.
626 851 675 904 89.
690 843 818 943 'Gierip
837 844 962 902 Excurs.
978 844 1011 902 ll.
1032 841 1070 901 de
1090 852 1196 901 contn-
1230 890 1234 895 .

117 928 228 990 berniis
253 931 453 988 Romanorum
473 928 508 987 ad
529 927 597 987 calc.
618 926 704 986 Tem.
725 928 758 985 ll.
781 926 853 1005 ltpp.
875 922 949 984 Plin.
968 944 999 1005 p.
1019 925 1080 983 ⁵45
1094 942 1147 1002 sq.

201 1030 290 1088 quom
304 1010 438 1068 Saleium
454 1010 592 1081 Bassum,
614 1029 702 1087 quum
722 1009 863 1088 optimum
883 1009 975 1065 uirum
996 1014 1059 1064 lum
1079 1003 1197 1063 absolu-

120 1093 264 1152 tissimum
290 1088 428 1170 poetam]
457 1090 591 1149 Notanda
620 1101 666 1148 est
691 1109 759 1148 caco
780 1087 869 1146 laonia
893 1087 924 1145 in
950 1081 1196 1145 homoeotelentis

122 1192 187 1243 um;
208 1170 291 1231 euius
308 1170 425 1253 generis
445 1169 640 1267 cacophoniae
660 1110 790 1250 exesaspla
804 1189 865 1227 non
888 1167 984 1227 solnm
1005 1166 1083 1247 apud
1105 1166 1198 1225 Grae·

123 1250 186 1327 cos,
209 1251 260 1312 sed
276 1252 362 1310 ctiam
377 1253 452 1332 apud
467 1253 587 1312 Latmos
603 1272 664 1312 non
679 1262 749 1309 stant
764 1248 968 1332 infrequentia.
998 1248 1067 1307 Tar.
1081 1246 1160 1307 Anu.
1175 1246 1198 1321 l,

123 1336 172 1395 24.
193 1368 233 1383 -
254 1335 340 1392 nullis
363 1338 439 1393 sotis
460 1337 548 1392 certis
577 1332 734 1393 mandetis.
763 1333 830 1405 XV,
851 1336 901 1390 37.
923 1362 961 1376 -·-
985 1332 1199 1411 superpositum

124 1417 284 1474 conuiuium
313 1417 442 1473 oliorum
472 1424 571 1474 tractu
596 1418 713 1473 nauium
742 1422 924 1471 moveretur.-
956 1411 1005 1470 vd.
1032 1412 1113 1491 Rnp.
1141 1408 1201 1469 lud·

124 1496 193 1556 Tac.
208 1494 275 1554 Vol.
295 1498 341 1553 tv.
356 1519 383 1576 p.
402 1501 471 1557 821.
506 1495 645 1576 Exempla
664 1516 680 1554 e
696 1492 841 1555 Cicerone
861 1492 1012 1576 congessit
1030 1490 1202 1573 Wopliens.

125 1577 219 1636 Lectt.
240 1575 317 1635 Tull.
338 1599 366 1657 p.
388 1583 436 1636 21.
466 1576 641 1637 Ramshorn.
663 1576 717 1635 Gr.
742 1575 768 1656 ξ.
790 1581 859 1634 202.
878 1577 925 1633 lll.
940 1573 1018 1642 2.,b.
1040 1577 1067 1649 β.
1089 1596 1119 1654 p.
1134 1578 1201 1633 930.

126 1655 265 1731 Ceterum
287 1659 437 1718 absolutus
456 1657 476 1717 i.
496 1681 524 1738 q.
567 1658 694 1717 erfectus
723 1640 759 1715 ab
780 1656 843 1715 aliis
871 1654 1067 1737 scriptoribus
1089 1673 1203 1734 semper

127 1740 190 1799 lere
212 1739 248 1799 de
272 1739 379 1812 rebus,
408 1761 470 1801 non
491 1740 526 1801 dc
546 1680 715 1800 inminibus
736 1737 852 1797 dicitur.
873 1768 913 1782 -
954 1738 1073 1797 Saleius
1092 1736 1203 1795 Bessus

127 1819 190 1901 (vd.
212 1842 256 1900 cp.
278 1819 322 1902 9.)
348 1821 405 1881 fuit
431 1823 568 1906 egregius
597 1832 684 1902 poeta
704 1808 822 1899 epicus,
850 1829 955 1878 auctor
974 1815 1152 1915 Panegyrici
1170 1814 1205 1877 ad

126 1902 284 1973 Pisonem,
313 1902 364 1961 sed
390 1922 501 1983 pauper
524 1903 586 1984 (vd.
611 1904 711 1961 luven.
732 1901 797 1975 Vll,
818 1897 998 1978 79-81.)‚
1027 1920 1078 1977 qm
1101 1897 1204 1959 carmi-

128 2004 198 2042 num
220 1982 406 2042 recitationes
425 1985 534 2048 Romae
554 1981 662 2043 babere
682 1980 811 2054 solebat,
839 1979 878 2040 oh
900 2002 971 2060 quas
991 2001 1006 2039 a
1024 1978 1206 2076 Vespasiano

129 2063 614 2218 (1003359118ὃθεξετξιίἰεχάοιιηῑξῧ
627 2074 683 2201 esi
706 2063 791 2200 hNon
811 2062 965 2202 admodnntu
986 2061 1153 2121 honorifice
1171 2060 1207 2121 ds

131 2164 168 2205 eo
187 2166 217 2201 m
240 2156 297 2203 scat
347 2156 443 2202 uinta.
615 2188 622 2202 .
681 2145 823 2202 bemeus
844 2154 875 2203 ct
912 2146 1036 2202 oricum
1059 2147 1090 2201 in
1111 2145 1207 2201 eumn

131 2226 227 2284 Saleii
247 2225 337 2284 Bassi
354 2224 419 2303 suit
437 2188 605 2305 nec'ipium
625 2233 772 2283 senectute
793 2165 952 2284 moturbm.
992 2222 1045 2282 lul.
1067 2164 1153 2283 ngld.
1176 2222 1208 2283 in

133 2317 288 2365 comment.
317 2307 353 2365 de
379 2307 479 2365 Saleio
499 2308 595 2366 Besso
622 2305 778 2365 Vratislav.
801 2309 888 2366 1834.
909 2327 937 2386 p.
958 2306 988 2365 4.
1016 2304 1210 2385 probabiliter

132 2385 288 2461 intellexit,
311 2386 437 2462 Quintil.
458 2389 487 2446 in
504 2388 560 2449 hoc
574 2399 661 2469 poeta
678 2385 751 2446 nibil
767 2386 844 2446 aliud
864 2387 1045 2446 desiderasse
1064 2386 1126 2446 nisi
1143 2404 1209 2447 mo-

133 2467 312 2529 derationem
328 2490 361 2530 ac
374 2470 603 2551 temperantiam,
626 2480 661 2529 ut
681 2467 832 2528 annotavit
846 2467 933 2534 Bacb.
954 2465 1011 2527 Alii
1025 2466 1113 2527 Bassi
1128 2488 1209 2528 cont·

133 2562 334 2609 memorantur
352 2551 420 2610 infr.
442 2574 487 2633 cp.
508 2558 557 2613 23.
588 2550 692 2626 Quint.
710 2552 753 2625 X,
773 2555 801 2624 l,
828 2554 876 2608 96.
928 2547 1067 2628 Aufidius
1085 2549 1211 2625 Bassus,

98 2626 101 2633 ’
134 2631 263 2711 scriptor
281 2631 460 2704 historicus,
482 2643 512 2692 et
532 2633 655 2691 Caesius
675 2632 804 2704 Bassus,
825 2639 912 2711 poeta
932 2629 1063 2713 lyricus,
1083 2629 1210 2711 aqualis

135 2711 312 2785 Quintiliani
336 2714 374 2783 X,
394 2714 418 2781 l,
450 2717 517 2770 103.
557 2713 614 2770 Vd.
639 2713 674 2769 E.
701 2713 738 2770 H.
766 2712 878 2771 Barkes
912 2711 1028 2770 dissert.
1057 2710 1095 2771 de
1122 2710 1210 2773 veslit

134 2790 233 2849 Bessis
261 2791 291 2848 in
323 2790 461 2851 Classical
486 2791 604 2851 lournal
634 2792 687 2850 Nr.
716 2792 912 2857 Lll-Lllll.
953 2790 1125 2853 Weicbert.
1152 2794 1212 2853 Ex-

136 2892 213 2930 curs.
243 2871 276 2928 ll.
310 2870 346 2930 de
379 2870 479 2931 Bassis
513 2872 685 2952 quibusdam
719 2873 858 2932 Romanis
886 2873 1006 2956 ingenio
1035 2873 1213 2956 scriptisque

135 2949 300 3010 illustribus
319 2951 350 3010 in
370 2951 421 3012 lib.
441 2953 478 3012 de
498 2954 531 3012 la
552 2956 620 3013 Var.
641 2965 671 3012 ct
692 2950 773 3012 Cass.
792 2955 887 3012 Parm.
907 2977 935 3035 p.
959 2958 1015 3014 139
1031 2975 1075 3034 sq.

219 3035 247 3091 si
262 3035 382 3112 poetico
401 3045 577 3108 accusatur,
599 3056 655 3092 non
672 3035 763 3093 olium
785 3035 866 3094 uideo
878 3056 960 3095 reum
974 3030 1212 3119 locupletiorem]

137 3111 219 3194 Aper
238 3113 382 3209 poeticam
401 3115 548 3174 accusavit
568 3138 632 3197 cpp.
655 3121 673 3175 9
690 3126 720 3175 et
735 3119 781 3174 10.
823 3116 905 3190 Quid
925 3116 963 3175 sit
985 3137 1051 3175 reus
1074 3117 1214 3215 locuples,

138 3193 286 3254 difficilsus
302 3205 348 3253 est
361 3193 396 3254 ad
412 3195 613 3277 explicandum
633 3196 664 3256 in
686 3217 788 3277 magna
805 3195 999 3278 interpretum
1021 3197 1214 3277 dissensione.

139 3274 296 3334 Forccllin.
316 3274 385 3335 Lex.
407 3297 430 3335 s.
451 3299 479 3336 r.
500 3279 629 3375 locuples
657 3277 700 3338 sic
726 3281 951 3356 interpretatura
979 3278 1127 3359 Locuples
1148 3298 1232 3349 reus,

138 3353 165 3413 is
181 3365 249 3426 est,
275 3355 344 3434 qui,
371 3378 437 3416 cum
458 3378 490 3418 se
510 3358 663 3440 obligarit,
691 3358 779 3418 babet
798 3360 877 3418 unde
899 3359 1011 3435 solvat,
1040 3371 1070 3420 et
1089 3360 1215 3423 idoneus

64 3460 65 3464 ¹
139 3433 287 3515 implendo
310 3437 476 3516 promisso,-
505 3439 592 3500 allato
613 3439 699 3500 simul
718 3438 786 3499 loco
806 3439 870 3500 Liv.
891 3442 943 3512 tx,
965 3447 992 3501 9.
1034 3441 1217 3503 Samnitibus

139 3536 293 3597 sponsores
315 3539 367 3576 uos
387 3540 504 3591 sumus,
525 3524 571 3579 rei
585 3525 661 3580 sotis
678 3522 844 3600 locupletes.
887 3520 936 3582 Sic
960 3521 1068 3581 dieitur
1089 3523 1217 3604 locuples

139 3596 244 3671 testis,
273 3610 394 3671 assetur,
420 3599 587 3660 tabellarius
608 3603 655 3661 vd.
674 3600 919 3681 Lexichachius
941 3623 1023 3661 reum
1045 3604 1217 3699 locupletio-

140 3699 204 3736 rem
231 3676 369 3758 intclligit
396 3680 488 3761 magis
517 3681 676 3757 idoneum,
702 3681 871 3742 firmiorem.
920 3683 979 3744 Sed
1009 3683 1045 3742 ad
1067 3684 1160 3763 quud?
1178 3716 1217 3731 -·

139 3759 257 3818 Sulcius
279 3760 392 3819 Bassus
417 3761 486 3820 idco
511 3782 579 3823 reus
598 3764 772 3842 locupletior
792 3760 863 3822 mibi
891 3763 948 3824 dici
969 3763 1107 3841 videtur,
1137 3763 1218 3846 quod

141 3859 228 3898 nemo
249 3838 339 3921 magis
360 3840 484 3902 idoneus
506 3841 558 3901 illo
579 3843 615 3903 ad
635 3842 778 3925 poeticam
799 3843 1025 3918 defendendam,
1053 3845 1078 3904 si
1098 3867 1218 3907 accuse·

140 3928 208 3994 tur,
237 3918 284 3978 vel
305 3921 385 4060 pund
407 3943 494 3982 nemo
514 3922 625 3984 maiore
645 3923 704 3983 lide
724 3923 830 4005 dignus
852 3936 898 3985 est
918 3947 1003 4006 quam
1022 3923 1071 3986 ille
1091 3924 1123 4023 ip
1144 3947 1219 4023 poe·

138 3997 304 4147 ticpndefetn
324 4001 417 4079 enda,
444 4023 536 4082 quum
561 4003 626 4086 ipse
646 4015 677 4066 et
699 4005 828 4086 optimus
849 4005 897 4068 vir
925 4018 957 4068 et
982 4005 1219 4079 absolutussmns

138 4100 178 4160 po
246 4101 294 4141 ot.
