2634 4656
576 42 592 77 N

418 318 433 347 2·-
498 281 595 366 cap.
619 283 697 347 XX.
808 326 812 331 -
1062 285 1070 295 ”
1084 293 1144 355 131

61 427 251 517 volumina,
287 457 375 528 quae
410 432 472 530 pro
507 433 554 507 M.
588 434 699 508 Tullio
734 451 792 509 ant
815 435 857 511 A.
885 437 1027 517 Caecina
1061 442 1144 542 legi-

59 531 166 602 mns?
201 528 393 603 Praecurrit
417 529 481 610 boe
508 547 656 633 tempore
681 533 783 609 iudex
808 534 993 629 dicentem,
1021 560 1052 617 et
1077 545 1144 621 nisi

61 643 122 700 aut
152 655 263 701 cursu.
279 647 552 724 argumentorum
585 632 780 707 autcolore
814 639 1052 715 sententiarum
1086 661 1143 717 aut
1225 712 1230 716 .

60 778 233 860 saepissime
256 783 292 843 de
315 803 351 845 co
375 783 532 866 agebatur,
562 795 664 845 utrum
686 798 765 847 recta
784 785 911 847 formula
930 791 1022 849 electa
1042 794 1083 850 sit
1106 795 1143 853 ab

60 873 165 923 actore
185 883 295 938 necne,
315 877 363 938 et,
385 867 412 926 si
433 866 550 946 quidem
569 877 664 942 recta,
692 888 730 927 an
748 867 785 928 a'd
806 890 885 944 rem,
916 869 953 930 de
970 892 1028 951 qua
1047 872 1143 935 disce-

61 942 230 1025 ptabatur‚.
241 958 315 1026 apte-
328 959 476 1028 concepta.

143 1029 287 1091 immensa
301 1027 470 1110 oolumina]
492 1028 542 1089 Sic
563 1049 624 1089 non
645 1028 801 1107 dicuntur,
823 1032 905 1111 qnasi
920 1031 1055 1115 longiora
1076 1035 1142 1097 fne-

60 1103 146 1180 rint‚
177 1108 230 1167 sed
257 1130 349 1189 quac,
377 1133 467 1190 quum
492 1110 569 1170 intra
595 1111 720 1172 claustra
745 1113 996 1193 interpretationis
1017 1117 1142 1177 interdi-

60 1199 180 1249 ctorum
200 1190 407 1266 contineantur
433 1212 529 1271 neque
554 1191 631 1252 ultra
660 1195 861 1274 exspatientur
888 1196 1018 1257 amoenis
1041 1220 1142 1280 egres·

60 1268 218 1345 sionibus,
247 1291 310 1333 non
337 1293 429 1352 aeque
443 1272 530 1333 lectu
545 1273 613 1333 'sint
639 1273 765 1335 iucunda
786 1288 873 1356 atque
895 1290 1009 1339 ceterae
1030 1281 1143 1340 oratio-

60 1371 116 1413 nes
139 1348 311 1434 Ciceronis,
340 1375 413 1432 quae
442 1354 473 1413 in
494 1353 646 1414 latioribus
668 1355 851 1435 eloquentiae
872 1359 979 1438 campis
999 1373 1144 1442 vagantur

59 1442 152 1511 atque
172 1433 334 1506 exsultatum
362 1434 417 1505 iam
438 1456 511 1495 vero
533 1436 723 1515 quae‘mious
744 1450 825 1519 grata
846 1436 933 1496 nobis
954 1440 1142 1522 contingunt,

60 1514 163 1573 tradem
183 1515 282 1581 'videri
304 1515 402 1576 solent
422 1517 535 1597 prolixa
555 1528 586 1577 et
605 1516 752 1578 immensa.
774 1519 822 1577 od.
841 1519 938 1587 Beier.
959 1520 995 1579 ad
1016 1520 1076 1583 Cic.
1096 1544 1142 1602 pr.

59 1594 141 1655 Tull.
163 1617 193 1676 p.
214 1604 242 1656 2.
286 1599 425 1657 Velamen
448 1597 468 1656 i.
495 1621 524 1677 q.
552 1597 646 1657 oratio
674 1600 797 1679 scripta:
826 1599 902 1659 Plin.
929 1600 1070 1680 Epplll,
1094 1607 1156 1664 111.Ι

58 1676 98 1737 tle
119 1677 287 1819 Ppttc'gh—
308 1679 413 1739 eodem
433 1681 488 1739 illa
501 1683 662 1760 spatiosius
682 1691 712 1738 et
731 1681 849 1739 uberius
869 1681 1009 1741 volumine
1029 1685 1112 1767 ampl
1127 1721 1143 1733 -

60 1761 105 1820 eti
124 1758 134 1817 i
156 1757 165 1817 i
187 1803 194 1818 .
245 1758 298 1818 ier.
1154 1774 1162 1789 ⁶

137 1780 197 1921 pilo
217 1842 261 1900 M.
283 1837 394 1922 Tullio]
423 1841 596 1925 Fragmenta
621 1841 708 1901 huius
730 1838 873 1900 orationis
896 1840 931 1901 ab
952 1840 989 1902 A.
1013 1843 1091 1905 Maio
1112 1855 1144 1906 et

59 1920 166 1983 Amaci
185 1921 337 2004 Peyronio
358 1925 508 2002 nuper'io
534 1921 729 2003 palimpsestis
752 1921 980 1984 Mediolanensis
1009 1936 1039 1984 et
1062 1927 1142 1986 Tau-

58 1998 191 2084 rioensis
208 2002 350 2067 Bibliotli.
369 2003 487 2063 inventa
504 2005 580 2063 edita
601 2016 744 2063 suntuna
761 2025 827 2064 cum
843 2003 1076 2085 sragmm.,oratt.
1096 2028 1142 2087 pr.

58 2084 164 2165 Scaur.
183 2097 215 2145 ct
233 2084 326 2151 Flacc.
352 2082 530 2144 aCranrero
552 2097 582 2145 et
602 2084 753 2146 Heinrich.
780 2084 837 2145 Kil.
862 2091 947 2146 1816.
970 2089 1019 2163 4.,
1039 2101 1143 2171 postea

59 2164 197 2245 a4'Beier.
223 2188 247 2227 e.
272 2167 374 2249 irag'm.
400 2177 488 2235 oratt.
509 2166 539 2226 io
569 2165 656 2228 Clod.
683 2189 727 2249 pr.
756 2167 856 2227 Scaur.
884 2190 928 2248 pr.
949 2168 1042 2228 Flacc.
1061 2170 1141 2251 Lips.

62 2251 202 2317 1825.'8.
243 2245 375 2307 Collecta
394 2259 510 2307 'exstant
535 2248 567 2307 in
590 2247 681 2308 Orcll.
709 2248 828 2329 quoque
856 2248 909 2308 Ed.
933 2247 994 2311 Cic.
1016 2251 1084 2309 V'ol.
1106 2252 1142 2311 lt.

57 2329 137 2389 P.''l.
166 2351 193 2409 p.
212 2326 398 2389 382-392.
429 2340 459 2388 et
485 2330 516 2395 in
537 2328 682 2391 Analectt.
712 2329 788 2391 liter.
817 2346 878 2389 cur.
902 2331 928 2388 Ἰ.
958 2331 1088 2391 Huscbk.
1111 2336 1140 2413 p‘.

59 2409 370 2471 77—-290,'illostrata
386 2410 601 2469 commentariis
618 2423 647 2470 et
662 2409 833 2469 excursibus
848 2409 926 2468 an.
936 2411 1140 2490 Ed.Huscbk.‚

59 2490 113 2575 qui
132 2488 208 2552 banc
227 2491 390 2552 orationem
411 2497 479 2552 683.
500 2492 538 2551 U.
560 2489 593 2552 C.
617 2488 793 2551 aCiceronc
808 2489 934 2550 habitam
954 2510 1019 2552 esse
1038 2492 1141 2554 existi-

57 2570 158 2634 mavit.
524 2581 529 2584 ’
586 2572 589 2577 ’
1169 2574 1171 2578 ’

127 2648 181 2714 Ἀ
202 2651 349 2736 Caecina]
373 2653 409 2714 A.
427 2654 558 2714 Caecina
571 2651 782 2713 Volaterranos
800 2651 938 2712 defensus
954 2663 999 2713 est
1015 2675 1030 2714 a
1044 2651 1140 2715 Cicer.
1228 2642 1232 2647 ¹

55 2734 137 2795 'circa
161 2757 184 2793 a.
207 2740 275 2794 685.
296 2737 334 2794 U.
357 2733 390 2796 C.
438 2737 494 2807 Vd.
518 2736 637 2796 Orator.
656 2741 707 2808 29,
731 2740 797 2794 102.
853 2734 929 2793 Tota
953 2736 1027 2794 miti
1045 2751 1140 2796 causa

55 2826 113 2899 'pro
134 2814 265 2876 Caecina
295 2816 332 2875 de
359 2819 452 2876 uerbis
480 2818 632 2878 interdicti
658 2818 705 2895 [de
733 2817 781 2891 vi,
814 2815 982 2877 hominibus
1010 2818 1139 2899 armatis]

48 2897 133 2978 serit:
161 2919 209 2956 res
229 2899 373 2958 involutus
392 2897 557 2978 definiendo
575 2894 803 2981 explicavimus,
827 2901 875 2957 'ius
895 2901 978 2958 ciuile
1002 2900 1140 2961 inodori-

55 2994 144 3054 mus4
165 2979 252 3037 oerbu
272 2981 413 3054 anrbigua
434 2981 630 3041 distinximus.
712 2994 719 3009 ‘
1005 3022 1008 3027 -

54 3072 59 3085 '
114 3078 229 3121 'cumo
255 3061 512 3143 argumentorum]
544 3063 669 3122 Cursum
697 3068 938 3136 argonautarum
952 3116 955 3120 .
968 3060 1138 3141 accipio-dc

52 3152 144 3222 apta,
173 3141 316 3216 dilucida,
344 3143 432 3202 nullis
461 3143 629 3225 ambagibus
657 3154 708 3202 aut
735 3140 968 3224 digressionibus
994 3142 1138 3223 interpel-

56 3222 129 3282 lata·
144 3221 338 3302 dispositione
365 3237 625 3307 argumentorum,
660 3225 700 3283 ita
728 3235 763 3283 ut
791 3222 825 3281 ab
861 3222 1074 3285 infirmioribus
1101 3225 1139 3285 ad

52 3303 228 3385 potentiora
255 3305 390 3365 celeriter
420 3307 628 3389 progrediatur
660 3315 771 3365 orator.
820 3303 925 3377 Quint.
955 3306 1006 3378 vt,
1032 3307 1064 3379 4,
1087 3313 1137 3369 22.

48 3386 106 3448 Νι
124 3386 200 3445 iilud
216 3386 331 3470 quidem
350 3392 490 3462 ignornre
510 3388 683 3455 advocatum
703 3387 784 3462 uolo,
806 3406 863 3466 quo
884 3405 1014 3468 quaeque
1034 3388 1138 3451 ordine
1225 3411 1231 3428 ¹

53 3464 195 3549 piobotio
211 3468 295 3547 apud
318 3470 431 3529 iudices
455 3475 495 3529 sit
515 3468 710 3552 proferendo:
738 3470 822 3528 cuius
840 3469 887 3525 rei
906 3467 1009 3527 eadem
1031 3472 1063 3526 ire
1083 3490 1138 3528 ar-

53 3551 204 3625 gumentis
223 3553 300 3608 ratio
319 3561 381 3626 est,
404 3562 437 3611 ut
453 3554 669 3633 potentissimo·
679 3552 779 3630 prima
800 3557 829 3606 ei
847 3568 965 3607 summo
978 3560 1136 3629 ponantur.

56 3633 123 3703 vu,
148 3633 176 3704 1,
200 3636 238 3689 17
259 3652 302 3709 sq.
332 3634 386 3707 tit,
414 3637 446 3706 4,
477 3638 542 3692 138.
564 3636 595 3689 in
611 3634 771 3711 prooemiis
787 3630 958 3711 pierumque
978 3633 1137 3705 summissi,

53 3742 98 3757 ··-
118 3714 149 3769 iu
167 3712 345 3772 scortatione
361 3714 548 3797 plenitatque
568 3717 702 3795 expressi
707 3735 721 3786 ‚³
736 3716 767 3769 ire
787 3713 969 3784 argumentis
982 3713 1068 3770 citati
1086 3722 1136 3776 at-

55 3812 116 3864 que
145 3796 210 3872 ipso
234 3797 328 3866 etiam
359 3806 440 3854 moto
468 3798 577 3854 celeres
602 3816 713 3854 sumus.
758 3791 808 3852 sic
824 3790 938 3851 'eadem
966 3791 1137 3871 metaphora

53 3894 129 3932 usus
151 3872 224 3932 dixit
252 3871 312 3934 Cic.
341 3876 376 3935 de
404 3878 486 3937 Orat.
506 3881 529 3951 1,
552 3881 602 3950 35,
627 3880 692 3934 160.
723 3893 839 3931 cursum
869 3872 1024 3933 uerborum,
1048 3886 1078 3933 et
1098 3879 1135 3951 ΙΙ,

47 3958 109 4030 to,
137 3959 188 4015 39.
216 3976 331 4015 cursum
362 3963 505 4029 orationis
533 3958 569 4018 de
599 3955 747 4017 celeritate
775 3965 805 4014 et
832 3950 955 4013 {lumine
982 3955 1136 4018 orationis.

58 4036 165 4110 Quint.
186 4036 314 4097 Declam.
339 4043 388 4114 ΙΧ,
412 4045 459 4101 19.
480 4039 588 4121 legitur
611 4059 712 4098 cursus
732 4033 916 4113 defensionis.

45 4184 49 4189 ,
149 4118 248 4177 colore
268 4119 497 4203 sententiarum]
528 4121 617 4179 Color
643 4119 701 4200 (sic
717 4121 833 4195 optim
855 4122 900 4191 τῆς
925 4121 1019 4185 λέξεως
1044 4116 1133 4179 Dion.

44 4196 156 4278 ,Halia
168 4198 229 4282 Ep..
243 4203 278 4277 li
294 4203 334 4281 ad
347 4202 444 4279 Arum
456 4224 509 4285 cp.
530 4208 559 4263 2.
579 4223 610 4283 p·
631 4196 716 4283 793.)
730 4197 860 4283 primurn
870 4219 890 4258 a
906 4194 1136 4283 rhetoributdi·

829 4291 832 4295 ,
882 4290 929 4350 9*
