2634 4656
15 2993 18 2997 ·
117 2960 269 3021 consultus
290 2959 363 3020 hanc
376 2961 594 3042 explicationem

112 252 178 312 218
244 251 246 255 ’
439 246 606 346 Dialogus
625 249 663 311 de
689 222 892 351 Oratoribus·
926 343 928 347 Ι

112 403 289 506 implebat,
312 429 403 476 nunc
429 401 628 476 circumcisa·
647 418 679 477 et
705 391 890 503 amputata,
916 402 988 475 sine
1009 417 1188 502 apparatu,

113 506 186 580 siue
212 503 356 590 honore,
380 530 486 603 paene
512 501 650 575 dixerim
674 503 746 589 siue
770 502 972 600 ingenuitate
997 503 1097 601 quasi
1120 529 1187 579 une

113 634 155 680 ex
175 602 415 678 sordidissimis
441 595 586 677 artificiis
611 602 778 699 discatur.¹
816 603 908 700 Ergo
935 602 1020 675 hane
1041 604 1196 704 primam„

114 721 148 780 et
171 703 383 806 praecipuam
410 729 542 785 causam
568 701 730 790 arbitror,
757 702 875 776 curin
900 718 1029 781 tantum
1047 703 1105 779 alr·
1119 701 1188 777 elo-

64 849 66 855 .
115 804 250 909 quentia
277 802 488 902 antiquorum
515 798 686 875 'oratorum
715 802 958 876 recesserimus.
1021 802 1061 876 Si
1087 819 1198 903 testes·

196 974 366 1033 circumcisa
378 982 407 1032 el
423 968 595 1069 amputata]
610 970 833 1032 ‘Circumcidere
854 982 884 1032 et
897 981 1054 1050 anrpuiare
1066 970 1145 1033 vites
1158 968 1198 1034 et*

58 1094 60 1098 ·
109 1075 211 1117 mmos
226 1053 362 1115 arborum
398 1075 496 1136 roprre
511 1053 647 1115 dicuntur
660 1053 802 1136 agricolae
818 1053 1006 1127 etviuitores,
1022 1055 1186 1138 quasiguii.

114 1137 225 1220 pariter
245 1157 277 1197 ac
297 1077 434 1197 translata
453 1136 502 1196 hh.
525 1158 571 1195 vv.
591 1157 608 1195 a
628 1134 689 1196 Cic.
709 1135 947 1215 frequententur:
969 1135 1054 1196 l‘inn.
1076 1139 1117 1212 V,
1139 1141 1186 1215 14,

116 1225 166 1282 39.
185 1239 260 1302 quae
278 1222 318 1278 sil
335 1221 458 1278 scientia
477 1229 563 1299 atque
581 1239 632 1277 ars
648 1220 863 1293 agricolarum,
884 1239 961 1301 quae
980 1219 1191 1295 circumcidat,

49 1351 52 1362 .
113 1310 247 1384 arnpulet
266 1312 320 1362 etc.
344 1304 365 1375 l,
389 1305 436 1372 13,
456 1304 505 1365 44.
525 1310 681 1382 amputata
700 1302 921 1381 circumcisaque
943 1303 1089 1362 inarritate
1110 1305 1189 1363 omni

115 1394 146 1444 el
173 1386 279 1444 errore.
308 1382 344 1443 de
371 1383 453 1452 Orat.
482 1385 503 1456 l,
529 1388 577 1455 15,
606 1388 654 1443 65.
686 1383 775 1442 Aean.
802 1384 839 1455 ΙΙ,
862 1385 913 1456 45,
939 1385 1017 1442 ltu·
1037 1382 1075 1443 ci.
1103 1383 1141 1444 Sa

116 1477 227 1548 quaest.
248 1464 358 1545 philoll.
378 1470 405 1546 p.
429 1471 455 1524 6.
484 1464 530 1545 (in
548 1465 713 1524 Frotscher.
734 1464 785 1551 eda·
800 1463 902 1539 Quint.
923 1465 954 1523 L.
976 1464 1013 1523 X.
1033 1487 1063 1546 p.
1087 1470 1159 1527 243.

114 1546 166 1630 qui
186 1559 335 1629 praeterea
354 1559 501 1627 comparat
520 1548 770 1620 circumscribere,
789 1567 923 1606 resecare
943 1557 974 1605 et
992 1567 1136 1608 coercere.
1177 1600 1180 1605 .

197 1650 259 1705 sine
278 1643 472 1726 ingenuitate]
495 1645 664 1721 Ingenuilas
681 1655 726 1704 est
739 1644 893 1713 liberalitas
909 1644 994 1704 animi
1012 1666 1048 1705 ex
1062 1645 1186 1708 honeste

42 1744 48 1753 '
117 1727 288 1789 educatione
309 1739 391 1801 orta,
413 1727 549 1808 honestas
571 1726 664 1786 libero
686 1726 803 1787 homine
825 1727 918 1809 digna.
960 1725 1020 1787 Cic.
1044 1729 1081 1788 de
1105 1729 1186 1789 Orat.

43 1843 49 1853 ·
114 1812 152 1884 ll,
174 1816 224 1884 59,
245 1812 313 1870 242.
339 1810 471 1869 Academ.
492 1812 516 1884 l,
537 1815 566 1882 9,
583 1815 632 1868 33.
679 1809 853 1890 Eloquentia
886 1808 976 1893 igitur
1012 1814 1076 1869 sine
1105 1816 1184 1887 inge-

114 1897 228 1953 nuitate
250 1894 268 1951 i.
289 1914 316 1972 q.
336 1890 430 1951 libero
451 1891 568 1951 bomine
588 1912 649 1950 non
672 1891 765 1974 digna.

110 2040 112 2051 Ι
197 1978 283 2056 quasi
302 1995 360 2032 una
381 1995 418 2033 ee
439 1974 646 2033 sordidissimis
671 1971 823 2055 artrfieiis]
859 1972 996 2057 Syntaxis
1019 1996 1185 2058 congruen-

115 2055 172 2117 tiae
193 2056 339 2136 postulat,
359 2067 392 2114 ut
413 2055 524 2134 dicatur
543 2060 628 2153 quasi
646 2078 731 2116 unum
754 2077 791 2114 ere
810 2078 833 2115 s.
855 2072 900 2114 a.·
922 2056 981 2115 Sed
1001 2058 1068 2118 Tac.
1092 2058 1183 2139 respi-

105 2137 196 2198 ciens
226 2138 260 2197 ad
288 2138 458 2197 antecedens
488 2137 648 2198 subrectum
677 2140 838 2220 eloquentia
859 2137 976 2219 scripsit
996 2162 1072 2200 arra:
1104 2141 1183 2200 cuius

116 2219 233 2300 quidem
247 2219 473 2280 constructionis
487 2219 687 2280 insolentioris
708 2220 837 2300 exempla
852 2220 960 2279 frustra
974 2223 1051 2301 apud
1067 2224 1181 2305 -scriptt

64 2302 68 2307 ’
115 2302 191 2362 Latt.
213 2301 348 2381 quaesivi.
391 2302 564 2384 Explicanda
588 2301 704 2362 videtur
728 2302 764 2360 ad
786 2301 943 2384 analogiam
970 2316 1138 2373 structurae
1156 2315 1185 2365 et

118 2385 238 2445 Graecis
254 2397 297 2458 ,et
323 2384 430 2444 Latinis
466 2385 603 2458 usitatae,
639 2406 705 2464 quss
721 2383 893 2444 adiectivum
921 2385 1103 2465 superlativo
1131 2408 1182 2469 po-

116 2466 206 2527 situm
229 2477 260 2527 et
279 2489 344 2526 cum
366 2466 506 2550 genitivu
525 2466 663 2552 partitive
684 2465 730 2526 vel
752 2488 778 2526 c.
795 2488 892 2548 praep.
921 2466 957 2525 de
975 2479 1028 2542 ¹aut
1051 2490 1089 2529 ea·
1105 2490 1181 2529 son-

117 2549 248 2609 iunetum
270 2571 377 2631 genere
399 2570 458 2609 non
483 2549 612 2610 refertur
631 2549 667 2609 ad
687 2548 847 2631 genitivum
870 2548 1057 2628 partitivum,
1080 2553 1132 2612 sed
1151 2551 1183 2611 etl

116 2653 243 2707 nornen,
265 2631 312 2692 cui
333 2631 567 2692 subiectumcst.
611 2628 656 2691 Cf.
677 2631 779 2708 Matth.
799 2632 853 2690 Gr.
873 2631 900 2712 ᾖ.
916 2635 984 2724 459.
1005 2633 1120 2693 Herod.
1136 2635 1181 2707 ΙΙΙ,

117 2718 167 2774 85.
194 2720 300 2786 riderico
327 2717 420 2775 πόντον
443 2718 600 2787 ἀξιοθέητον
623 2713 700 2774 ὄντα·
727 2720 856 2788 πελαγέων
881 2716 1069 2791 yolp'oineimmr
1088 2723 1183 2791 nimum

115 2799 345 2871 θωμασιώτατος.
365 2798 451 2857 Hom.
463 2795 495 2855 ΙΙ.
505 2804 555 2871 22,
567 2802 633 2857 139.
654 2797 691 2857 G.
700 2798 735 2856 T.
743 2797 778 2855 A.
788 2797 927 2876 Krneger.
948 2797 1089 2880 syntaxis
1105 2798 1182 2860 Con·

15 2941 17 2948 ,
117 2878 268 2960 gruentiae
284 2879 311 2938 d.
327 2877 375 2938 lat.
392 2880 457 2960 Spr.
478 2878 736 3020 Brunsviq'1840.
756 2881 784 2939 4.
798 2901 825 2959 p.
837 2883 892 2949 13,
914 2878 963 2959 qui
978 2900 993 2938 a
1009 2901 1056 2940 me
1074 2882 1111 2941 de
1125 2879 1181 2943 ut

634 2960 817 3021 umanissimc
834 2981 944 3029 urceum
962 2962 1184 3025 communicarit

118 3054 149 3104 et
165 3043 401 3122 quemadmodum
418 3043 517 3104 latine
534 3045 656 3118 dicatur,
678 3044 864 3122 naufragium
876 3046 1079 3111 calamitatum
1095 3049 1183 3106 omni·

39 3142 43 3151 ‘
118 3148 167 3186 am
195 3129 356 3186 maximum
385 3136 444 3202 est,
472 3126 511 3186 ita
534 3126 591 3186 dici
611 3146 727 3206 quoque
754 3147 841 3208 posse
871 3138 969 3207 putat,
995 3125 1182 3206 narcsragiure

119 3227 206 3266 unum
233 3210 276 3266 es'l
303 3229 340 3266 ea
370 3212 508 3273 maximis
536 3209 762 3286 calamitatibus.
796 3207 870 3268 Plin.
891 3209 929 3267 H.
949 3208 984 3267 N.
1007 3211 1118 3286 XVlll,
1140 3214 1183 3281 tt.

118 3288 269 3351 Hordeum
286 3287 406 3367 frugum
427 3294 552 3350 emnium
574 3292 771 3353 mollissimam
794 3292 846 3350 esi.
870 3323 905 3335 -
953 3291 1033 3351 Unm
1052 3291 1182 3374 superle-

117 3370 180 3433 tivo
195 3370 328 3431 adiectivi
341 3373 515 3452 praefixum,
526 3372 605 3453 quod
620 3373 708 3433 modo
717 3371 846 3455 genitivo
860 3371 994 3452 effertur,
1010 3375 1101 3434 modo
1117 3396 1180 3441 eunt

118 3473 267 3536 praeposs.
287 3453 460 3513 eac··de-.-
472 3461 541 3513 ante
563 3455 749 3515 coniunctum
772 3467 832 3528 est,
855 3477 919 3519 cum
937 3454 1058 3532 quadam
1078 3457 1111 3517 vi
1129 3474 1181 3538 pe-

119 3535 206 3597 situm
233 3535 362 3605 refertur
386 3536 421 3596 ad
442 3536 647 3599 excellentiam.
676 3536 737 3598 Cic.
756 3536 842 3600 Tusc.
866 3537 901 3610 ll,
922 3542 973 3612 26,
997 3540 1047 3598 64.
1077 3539 1181 3620 ampli·

119 3617 248 3683 tudinem
267 3652 306 3662 -
329 3639 416 3677 unam
445 3639 506 3679 esse
527 3623 651 3680 emnium
672 3641 769 3688 rerum
794 3619 1019 3702 pulcherrimam
1040 3642 1065 3680 c.
1085 3631 1181 3685 annot

118 3693 266 3761 Kuehner.
306 3701 352 3759 De
380 3700 460 3761 Orat.
489 3702 539 3774 ΙΙΙ,
575 3705 623 3775 14,
651 3708 699 3763 55.
748 3699 803 3761 Est
831 3704 905 3761 enim
935 3702 1099 3782 eloquentia
1125 3722 1180 3773 una

119 3783 263 3865 quaedam
284 3782 323 3840 de
342 3787 462 3842 summis
481 3784 639 3844 uirtutibus.
667 3784 731 3843 Nat.
755 3783 791 3847 Ι).
814 3784 836 3858 Ι,
858 3790 885 3842 2.
914 3792 941 3842 el
963 3804 1021 3842 una
1043 3786 1181 3845 excellere

120 3867 235 3925 tissima
264 3867 353 3923 virius
387 3868 498 3924 iustitia
527 3887 550 3924 c.
578 3878 676 3925 annot.
706 3865 816 3925 Ochsn.
850 3864 879 3925 in
909 3864 968 3925 Ecl.
996 3863 1056 3927 Cic.
1085 3889 1114 3947 p.
1135 3869 1180 3927 34.

122 3942 213 4007 Corn.
232 3947 305 4026 Nep.
325 3945 413 4005 Attic.
433 3953 460 4006 3.
485 3959 556 4006 extr.
580 3970 652 4006 cerrus
671 3953 700 4006 ei
718 3950 786 4007 ante
807 3947 880 4007 alies
892 3945 986 4025 suerit
1005 3951 1180 4009 carissimus.

203 4026 282 4103 Ergo
303 4029 380 4086 hanc
395 4061 430 4073 ..
449 4051 501 4087 cur
520 4033 548 4087 in
566 4040 682 4100 tantum
699 4061 733 4074 -—
753 4028 971 4110 recesserimus]
1000 4033 1094 4091 Recte
1115 4053 1181 4104 erge

120 4107 367 4191 exhibeutCodd.
381 4111 465 4169 Fern.
486 4113 548 4170 Par.
563 4111 649 4171 Viud.
668 4113 741 4171 Edd.
761 4110 838 4190 Spir.
858 4112 923 4171 Put.
943 4111 1009 4171 ltiv.
1030 4114 1098 4174 Ber.
1119 4113 1179 4172 Alc.

120 4191 199 4280 lips.
212 4203 243 4253 et
258 4213 356 4275 seqq,
384 4191 451 4272 quia
473 4192 606 4285 Messalla
618 4192 896 4277 argumentationem
916 4193 1042 4257 coniecit
1062 4207 1093 4257 et
1111 4217 1179 4257 cou-
