2634 4656
186 271 250 342 tte
389 301 391 306 ·
507 266 665 357 Dialogus
687 275 725 338 de
749 273 934 339 Oratoribus

85 445 90 454 ‘
141 479 148 503 t
183 426 404 517 intellexisse,
439 426 521 526 quid
543 429 661 502 melius
685 447 789 516 esset,
812 456 875 502 nec
900 426 1100 518 voluntatem
1122 429 1173 517 ei,
1197 436 1269 530 qno'

184 526 363 601 sublimius
388 542 418 599 et
442 527 562 601 cultius
587 528 731 616 diceret,
757 528 818 600 sed
840 529 1012 626 ingenium
1031 555 1070 602 ac
1092 529 1180 602 vires
1207 529 1267 602 de-

184 627 299 699 fuisse.
337 624 447 721 ¹Quid
467 654 506 699 ex
525 626 689 700 Caelianis
707 626 941 700 orationibus?
965 655 1084 727 nempe
1111 655 1169 701 eae
1219 627 1268 701 la·

185 742 289 819 cent„
307 723 337 796 si
369 753 437 797 non
464 727 659 815 universae,
694 726 727 800 at
757 743 870 826 partes
901 754 1035 815 earum,
1069 729 1105 800 in
1140 656 1266 827 qnilus

185 825 393 899 nitoremoet
425 824 632 898 altitudinem
665 826 784 905 hesrom
817 841 1006 926 temporum
1039 827 1266 923 agnoscimus.

184 922 312 1007 Sordes
332 940 457 996 *antem
491 923 566 998 illae
596 924 775 998 verborum
809 941 841 997 et
869 925 968 997 hians
1002 924 1202 1026 compositio
1234 941 1268 999 et

187 1150 191 1155 .
267 1113 321 1152 nea
344 1095 520 1153 uoluntatem
541 1097 585 1167 ei,
614 1116 669 1177 quo
690 1095 841 1156 sublimius
866 1103 896 1168 et
925 1094 1030 1152 cultius
1056 1065 1187 1234 eliceret}
1212 1113 1268 1155 nec

186 1177 360 1256 voluptutem
395 1185 424 1233 et
443 1198 499 1257 quo
521 1173 594 1236 cod.
614 1178 700 1235 Fara.
720 1197 756 1236 ue
777 1178 952 1237 uoluntatem
973 1178 1077 1256 eiquo
1091 1173 1156 1236 cot
1179 1220 1186 1235 .
1207 1177 1268 1236 Va·

172 1256 251 1317 tice.
271 1277 325 1315 neo
346 1257 522 1315 uoluntatem
543 1278 600 1343 quo
621 1254 695 1318 Cod.
719 1259 783 1331 Par.
802 1260 853 1340 qui
872 1255 958 1314 Vind.
980 1257 1077 1396 qlid.
1097 1256 1175 1338 Spir.
1197 1261 1269 1339 quin

187 1341 287 1399 ePnt.
309 1349 458 1419 propagat.
481 1337 511 1397 in
532 1359 613 1418 seqq.
639 1342 788 1399 neraei
809 1341 879 1420 quin
900 1338 985 1397 Dron
1007 1381 1014 1396 .
1035 1337 1148 1399 Osann.
1173 1337 1267 1398 Orell.

186 1419 424 1491 Boncwatm.
445 1441 495 1479 neo
515 1441 538 1477 o.
568 1424 597 1478 ei
602 1463 612 1492 ‚
640 1442 696 1503 quo
717 1432 798 1480 recte
818 1417 908 1479 ttetk.
936 1418 1024 1479 Baeh.
1047 1419 1120 1479 Ritt.
1164 1418 1269 1481 Cultus

187 1500 280 1563 subst.
310 1512 349 1580 et⁸
368 1499 469 1560 adiect.
496 1520 513 1560 a
539 1500 652 1581 scripte.
680 1523 740 1584 arg.
763 1512 817 1560 aet.
846 1512 881 1559 ut
901 1520 917 1558 a
938 1500 1042 1575 Quint.
1070 1521 1127 1581 pro
1158 1513 1268 1562 ornatu

186 1605 231 1665 ap.
252 1581 314 1643 Cic.
335 1582 371 1642 de
400 1580 533 1641 oratione
553 1595 729 1662 usurpatur:
759 1584 834 1643 culte
854 1582 949 1641 dicare
970 1579 1046 1656 Vnt,
1067 1587 1097 1657 3,
1125 1589 1152 1655 7.
1173 1586 1267 1644 ndens

187 1675 216 1726 et
235 1665 386 1737 nitor‘Xl‚
412 1667 438 1737 l,
459 1665 508 1724 48.
529 1665 598 1723 Tac.
621 1663 696 1724 Dial.
716 1670 765 1724 20.
785 1669 835 1724 23.
854 1664 981 1723 incultus
999 1669 1047 1727 23.
1114 1726 1119 1735 ,
1152 1675 1155 1679 ’

268 1744 349 1826 Quid
367 1767 406 1803 eu
426 1745 575 1803 Caelianis
592 1746 797 1805 orationibus?
819 1777 854 1791 -
877 1741 1082 1827 agnoscimus]
1116 1744 1267 1807 Ecltsteiu.

184 1824 217 1887 in
238 1827 292 1886 Ed.
313 1826 429 1885 Walth.
454 1826 587 1885 distinxit
608 1827 671 1886 sine
689 1826 774 1908 signo
795 1825 996 1908 interrogandi
1016 1847 1076 1887 nou
1099 1840 1182 1889 recte
1202 1829 1267 1888 lau-

187 1909 259 1969 dans
279 1908 375 1967 Beier.
396 1907 429 1966 ad
452 1906 513 1968 Ciu
533 1908 609 1968 Lael.
631 1929 676 1989 cp.
691 1915 719 1968 8.
739 1931 767 1989 p.
783 1911 852 1983 ts,
875 1907 1011 1987 quoniam
1032 1906 1057 1967 is
1077 1907 1119 1968 ibi
1140 1909 1177 1971 de
1195 1910 1268 1975 dua-,-

186 1989 243 2050 ltus
264 1988 546 2070 interrogationibus
567 1989 598 2047 in
623 2010 682 2049 nna
704 1989 909 2049 enunciatione
936 1989 1100 2049 coniunctis
1121 1991 1198 2073 agit,
1229 1991 1266 2053 de

188 2069 295 2150 quibus
324 2069 359 2129 cl.
389 2081 487 2128 antrat.
517 2068 552 2128 ad
579 2070 654 2129 llial.
675 2093 702 2150 p.
723 2072 771 2130 44.
823 2070 930 2150 Quid?
953 2091 992 2130 ea·
1013 2106 1053 2115 -
1073 2071 1266 2152 Ptemttrett.

67 2173 70 2178 ·
188 2150 314 2211 Seebod.
335 2150 423 2210 Bach.
444 2148 590 2230 explicans
610 2153 682 2230 quial
701 2173 754 2231 per
771 2173 879 2232 porro,
899 2163 933 2210 ut
952 2163 1119 2211 transeatur
1138 2176 1153 2213 a
1171 2151 1265 2214 Calvo

186 2231 223 2292 sd
243 2230 382 2292 Caelium.
425 2231 506 2311 Quid
535 2251 573 2290 eor
605 2232 754 2291 Caelianis
782 2235 988 2292 orationibus?
1021 2232 1100 2314 lips.
1128 2235 1265 2296 Gronov.

188 2313 303 2373 Bronls.
325 2313 437 2373 Osann.
457 2311 547 2372 nett.
563 2311 654 2388 nin,
677 2334 751 2392 quae
768 2311 968 2395 interpunctio
988 2313 1055 2374 ideo
1074 2315 1267 2395 praeferende

187 2395 325 2470 ridetur,
357 2395 437 2474 qnod
462 2405 629 2476 antegressa
656 2393 890 2477 interrogatione
912 2396 957 2477 (in
979 2417 1034 2475 qna
1053 2395 1082 2454 b.
1104 2395 1122 2455 Ι.
1144 2397 1267 2480 supple-

188 2476 251 2537 lris:
280 2497 418 2557 quaenam
442 2473 572 2556 placent)
593 2476 665 2556 poni
686 2474 763 2535 solet
783 2497 902 2558 nempe,
931 2488 967 2536 ut
993 2478 1028 2536 ad
1056 2497 1119 2537 eam
1137 2498 1268 2560 respou-

188 2559 308 2618 deatur:
329 2559 375 2617 vd.
397 2557 507 2639 Reisig.
529 2558 645 2617 Vorles.
665 2556 692 2640 §.
713 2563 782 2617 271.
803 2557 923 2618 Herbst.
942 2559 978 2617 ad
998 2556 1103 2633 Quint.
1124 2561 1164 2638 X,
1185 2566 1217 2636 2,
1236 2563 1267 2623 4.

189 2642 335 2722 llartung.
354 2662 382 2698 v.
403 2639 430 2698 d.
451 2641 529 2699 Part.
549 2639 577 2699 d.
596 2639 706 2721 griech.
727 2640 795 2720 Spr.
814 2638 882 2698 vnt.
902 2641 924 2698 l.
943 2662 971 2721 p.
984 2642 1053 2718 ‚490
1068 2661 1112 2720 sq.

237 2786 240 2792 ,
277 2725 306 2780 si
327 2743 382 2781 non
411 2724 579 2794 universae,
615 2731 648 2780 ot
682 2732 786 2800 partes
816 2719 936 2860 earumq
979 2720 1088 2801 Recepi
1118 2720 1267 2806 egregiam

189 2803 302 2863 emend.
325 2800 432 2861 tctdat.
454 2800 604 2881 probatam
619 2803 724 2860 Heum.
739 2803 823 2861 Brut.
840 2801 941 2862 Ober.
957 2801 1047 2861 Bekk.
1067 2803 1167 2862 Boett.
1190 2807 1267 2885 llup.

188 2883 307 2943 Walth.
327 2883 415 2943 Bauli.
437 2881 527 2953 Bitt.;
558 2882 674 2942 Pithon
700 2886 760 2941 sice
780 2887 932 2943 uniuersae
951 2887 1011 2942 sive
1035 2894 1141 2964 partes
1161 2900 1267 2963 earum

188 2976 365 3046 receperunt
383 2963 499 3025 Schnlz.
520 2963 645 3024 Seebod.
666 2964 780 3023 Dronk.
802 2964 911 3038 orell,
944 2987 1034 3044 quum
1053 2964 1137 3024 locus
1161 2965 1268 3046 depra-

188 3058 273 3108 vatus
295 3059 391 3107 exstet
417 3045 447 3105 in
471 3043 544 3108 cod.
568 3049 653 3106 Fara.
679 3049 739 3104 sive
758 3049 788 3104 ia
810 3051 945 3105 uniuersa
970 3056 1058 3127 purte
1078 3067 1179 3105 serum
1199 3058 1268 3109 test.

190 3128 367 3210 Schlnttig.‚
398 3126 498 3188 omiss.
524 3131 555 3185 in
581 3149 624 3208 ap.
653 3126 760 3199 Bekk.;
790 3127 821 3186 in
842 3125 936 3187 Codd.
959 3127 1066 3186 Vaticc.
1084 3131 1114 3186 si
1132 3131 1270 3190 universo

187 3220 276 3288 parte
302 3231 418 3280 serum,
449 3209 480 3267 in
504 3206 578 3268 Cod.
597 3210 661 3269 Par.
683 3212 743 3267 siue
762 3211 792 3266 in
815 3213 949 3268 uniuersa
971 3218 1059 3290 parte
1080 3221 1209 3285 sectum,
1237 3211 1270 3271 iu

171 3289 266 3368 'Cod
284 3289 371 3349 Vind.
392 3290 464 3349 Edd.
487 3289 582 3350 Bhen.
602 3301 658 3350 etc.
678 3302 708 3349 et
721 3288 799 3371 Bip.
812 3311 836 3349 s.
856 3293 875 3350 i.
898 3313 925 3349 u.
943 3313 973 3372 p.
986 3289 1124 3369 sactum,
1145 3292 1178 3352 iu
1193 3293 1269 3354 Edd.

189 3370 269 3455 Spin.
288 3373 355 3431 Put.
374 3370 441 3430 llis.
462 3392 484 3429 s.
499 3366 524 3430 i.
544 3393 570 3429 u.
589 3393 619 3450 p.
632 3369 756 3448 fectum.
793 3392 795 3396 ·
1060 3398 1071 3424 .·

278 3448 483 3533 altitudinem]
518 3452 653 3512 Altitudo
679 3449 779 3534 (ὕψος)
805 3453 823 3512 i.
854 3475 883 3533 q.
910 3451 1089 3530 sublimitas,
1125 3453 1182 3514 suls
1198 3475 1270 3537 -qna

188 3553 265 3597 voce
293 3534 340 3594 vd.
370 3534 440 3592 Ern.
469 3535 537 3593 Lex.
562 3534 659 3594 techa.
689 3535 750 3593 Lat.
779 3534 853 3593 Bial.
873 3540 922 3594 31.
952 3532 1013 3593 Cic.
1042 3536 1127 3594 Brut.
1150 3539 1198 3610 173
1218 3538 1269 3597 dli.

189 3615 270 3693 Nam
293 3627 325 3675 ut
345 3615 448 3675 borum
471 3613 603 3696 (Philisti
623 3627 654 3674 et
673 3614 872 3696 Thucydidis)
894 3618 1018 3673 concisis
1038 3620 1209 3692 sententiis‚'
1222 3621 1271 3677 in-

190 3698 306 3758 terdena
325 3701 415 3755 etiam
437 3718 494 3756 non
513 3699 589 3756 sutis
608 3699 720 3776 apertis
740 3719 827 3776 quum
848 3698 990 3755 brevitate
1008 3706 1069 3756 tum
1087 3702 1179 3759 nimio
1199 3720 1272 3759 aru-

191 3783 267 3839 mine
279 3777 377 3858 officit·
387 3779 585 3860 Theopompus
604 3779 731 3836 elatione
751 3789 841 3859 atque
860 3779 1015 3837 altitudine
1029 3783 1175 3840 orationis
1188 3801 1271 3845 suae.

74 3852 84 3873 ‘
180 3866 183 3870 ’
224 3860 296 3920 uine.
321 3862 383 3918 vm
416 3866 446 3934 s,
468 3866 522 3924 ee.
1181 3856 1185 3864 '

192 3861 221 3935 Q
274 3903 498 4001 sordes'outem
518 3942 589 3998 illae
608 3936 775 4021 aeriorum]
805 3940 914 3999 Sordes
939 3941 1090 3999 sorborum
1109 3941 1139 4001 h.
1160 3941 1180 4002 l
1201 3945 1290 4007 saut'

165 4077 167 4079 ,
191 4020 282 4085 verba
309 4020 445 4101 squalore
473 4019 627 4080 vetustatis
655 4019 821 4099 inquinata,
842 4043 923 4100 -quae
952 4023 1051 4081 eadem
1079 4035 1198 4084 veterno
1216 4029 1274 4085 in·

143 4113 156 4166 ,’
189 4107 314 4187 quinutu
333 4101 423 4184 (Dial.
445 4101 510 4183 20.)
538 4101 584 4162 vel
604 4101 776 4161 oblitterata
797 4113 827 4161 et
846 4105 957 4162 olentia
977 4105 1052 4162 uelut
1074 4106 1209 4180 rubigine
1225 4111 1273 4166 in-

179 4184 272 4266 secta
290 4183 380 4268 (Dial.
394 4183 466 4270 Ι22.)
488 4183 546 4248 dici
564 4194 709 4270 possunt,
736 4182 844 4274 quibus
863 4183 1009 4247 contrarie
1028 4197 1101 4249 sunt
1119 4187 1213 4251 taor
1224 4187 1274 4251 ui·
