2634 4656
134 248 137 252 ’
193 259 258 322 rso
512 257 671 341 marogu
692 259 732 319 u
755 248 941 322 amaran
986 256 989 261 ·

272 420 432 505 Varronis]
461 422 503 482 ut.
525 421 679 483 Terentius
700 424 813 497 Varro,
836 424 927 485 Reate
947 426 1016 484 6³8.
1033 426 1072 484 U.
1085 422 1121 487 C.
1138 437 1226 486 ustus
1241 436 1273 488 et

191 518 279 569 mort.
300 506 368 568 circ.
388 527 412 564 a.
434 510 518 579 727.‚
544 505 591 564 vir
610 505 667 564 luit
690 508 888 566 Romanarum
917 506 1153 582 eruditissimas,
1184 506 1271 569 Cice-

190 591 273 653 ronis
289 587 415 669 aequalis
431 599 461 647 et
479 586 600 662 amicus,
620 587 671 666 qui
688 607 754 647 eum
769 585 984 646 sanctissimum
999 598 1029 647 et
1046 587 1281 671 integerrimum

142 682 146 687 “
191 673 287 735 virum
307 668 461 753 appellavit
478 663 604 749 Philipp.
621 670 656 742 ll,
672 672 720 728 to.
758 669 859 744 Quum
878 667 962 728 classi
983 670 1117 750 Pompeii
1136 671 1169 730 in
1190 669 1271 732 bello

190 754 313 837 piratico
335 761 494 833 praeesset,
514 748 548 808 ab
570 770 607 810 eo
628 770 737 809 corona
754 748 832 809 cirili
846 749 970 809 donatus
989 761 1035 809 est
1049 757 1123 811 687:
1162 753 1270 814 Postea

191 841 223 899 in
243 835 321 896 bello
344 831 422 893 civili
450 843 547 913 partes
569 830 757 912 Pompeianas
778 828 1269 912 in1llispania(vtl.'Caes.'B.C.

192 921 227 985 ΙΙ,
251 922 288 978 17
297 912 409 992 -21.)
427 926 457 972 et
476 912 505 971 in
526 911 649 973 Graecia
668 911 787 971 fortiter
806 911 952 985 defendit,
980 913 1032 972 sed
1053 924 1122 993 post
1142 935 1270 996 pugnam

191 999 268 1083 apud
293 995 461 1056 Pharsalum
487 999 554 1053 706.
584 992 766 1053 commissam
794 1013 809 1051 a
836 990 961 1053 Caesare
987 993 1017 1052 iu
1044 995 1166 1076 gratiam
1187 1017 1271 1058 rece·

185 1095 261 1163 ptus
283 1073 314 1138 et
337 1076 369 1136 in
394 1075 514 1157 patriam
535 1076 627 1134 redux
647 1075 677 1133 in
700 1073 973 1135 retessu‘villarum
995 1073 1101 1135 litteris
1122 1078 1269 1159 egregiam

33 1220 36 1225 ,
192 1182 310 1244 operam
332 1156 448 1217 navavit
474 1177 631 1235 curamque
658 1152 899 1215 bibliothecarum
927 1155 964 1214 ab
993 1174 1030 1215 eo
1058 1156 1114 1217 sibi
1141 1159 1271 1219 mandari

116 1289 121 1294 -
212 1264 294 1304 assus
308 1251 362 1301 est.
393 1238 440 1296 Ab
455 1237 592 1296 Antonio·
603 1236 787 1317 proscriptus
804 1247 928 1296 mortem
943 1235 1131 1320 subterfugit.
1164 1240 1269 1316 Quam

192 1347 224 1387 m
245 1321 381 1383 omuibus
408 1319 470 1378 lere
491 1317 653 1377 litterarum
674 1317 832 1400 generibus
858 1330 991 1387 versatus
1012 1317 1048 1378 ab
1067 1340 1146 1379 anno
1167 1321 1269 1383 aetatis

193 1414 242 1469 78.
264 1403 350 1466 read
372 1401 463 1460 libros
486 1399 714 1458 conscribendos
734 1399 925 1471 contulisset,
956 1403 1026 1459 490.
1047 1399 1202 1482 scripsisse
1223 1402 1269 1462 ‹tt-

193 1486 287 1561 citur‚'
309 1505 434 1564 quorum
456 1493 572 1562 praeter
592 1479 684 1540 libros
706 1479 861 1561 de'lingua
881 1478 982 1539 Latina
1003 1492 1033 1540 et
1049 1481 1085 1541 de
1106 1504 1139 1542 re
1160 1485 1270 1546 rustica

190 1589 301 1654 paucae
323 1563 462 1644 reliquiae
483 1573 657 1643 supersunt:
686 1573 721 1620 ut
740 1560 841 1621 satiras
862 1560 1061 1642 Menippeas,
1076 1562 1171 1624 libros
1192 1564 1269 1648 logi·

192 1649 338 1723 storicos,
359 1643 564 1725 antiquitatum
579 1665 677 1705 rerum
691 1642 879 1702 humanarum
895 1650 926 1703 'et
942 1643 1106 1703 divinarum
1124 1644 1191 1707 libr.
1206 1652 1269 1722 tt,

193 1733 230 1793 sle
249 1726 430 1810 vimpopuli
456 1723 599 1798 Romani,
629 1726 665 1785 dc
690 1735 779 1807 gente
818 1723 1064 1805 opuli‘llomaui,
1093 1726 1129 1787 de
1151 1725 1268 1789 familiis

194 1809 354 1883 Romanis,
377 1811 413 1868 de
432 1806 523 1865 initiis
543 1805 626 1866 urbis
649 1808 770 1880 Romae,
791 1747 1096 1882 cicestrensem,
1117 1807 1155 1867 tle
1174 1830 1269 1906 augu-

192 1895 293 1966 ribus,
325 1891 360 1950 de
380 1888 538 1972 gradibus,
569 1889 605 1947 de
626 1886 781 1957 tribubus3
804 1887 850 1947 .de
871 1886 969 1968 lingua
991 1885 1101 1963 latins,
1119 1887 1268 1971 (inscript.

193 1971 367 2052 Ciceroni),
398 1973 434 2029 de
462 1968 640 2048 disciplinis,
670 1969 706 2028 de
734 1967 829 2048 poetis
860 1968 981 2028 Graccis
1011 1981 1042 2028 et
1067 1969 1196 2042 Latinis,
1231 1973 1269 2033 te

194 2053 354 2117 comoediis
369 2050 522 2122 Plautinis,
545 2051 581 2108 de
597 2048 673 2108 lodis
688 2048 888 2120 theatralibus,
905 2049 941 2109 sle
953 2048 1075 2110 scenicis
1091 2050 1269 2132 originibus,

194 2138 231 2211 (le
250 2135 366 2196 actione
386 2131 517 2199 scenica,
537 2131 572 2190 de
593 2130 753 2208 poematis,
777 2131 813 2189 de
830 2128 1028 2204 bibliothecis,
1049 2132 1194 2211 permulta
1214 2155 1268 2194 vo·

194 2217 303 2279 lumina
322 2212 528 2294 epistolarum,
555 2210 668 2289 aliquot
688 2212 724 2270 de
744 2210 929 2292 philosophia
948 2211 1061 2285 libros,
1083 2213 1212 2294 denique
1232 2215 1269 2275 de

194 2320 229 2360 re
252 2295 359 2356 rustica
382 2291 541 2374 elegantius
561 2292 688 2371 scriptos
708 2300 793 2371 quam
813 2293 848 2351 de
864 2293 938 2372 ling.
958 2290 1173 2354 lancearum
1194 2298 1269 2356 Var-

195 2379 279 2441 ronis
300 2376 407 2458 scripta
428 2395 488 2433 non
508 2372 605 2432 solum
626 2373 751 2434 Romani
772 2373 891 2454 plurimi
908 2374 1062 2448 lecerunt,
1093 2375 1147 2435 sed
1165 2387 1269 2456 postea

195 2483 212 2524 a
231 2460 362 2543 patribus
383 2476 501 2537 quoque
517 2453 658 2528 ,ecclesiae
677 2456 811 2530 Latinae,
838 2466 873 2514 u't
892 2455 930 2514 ab
947 2453 1134 2538 Hieronymo
1154 2468 1186 2518 et
1205 2461 1270 2519 Aa·

193 2542 333 2627 guetino,
361 2538 489 2599 lectitata
511 2557 577 2596 esse
594 2548 718 2596 constat.
748 2534 810 2596 Cic.
830 2535 918 2595 scau.
939 2534 991 2615 (ad
1008 2539 1135 2596 Varrou.
1152 2536 1269 2620 script.)

97 2613 105 2624 ¹
194 2629 218 2701 l,
239 2631 267 2684 3.
304 2623 383 2684 Nam
408 2641 462 2678 nus
481 2622 511 2677 in
531 2627 635 2677 nostra
655 2617 726 2676 urbe
743 2621 966 2697 peregrinantes
985 2628 1176 2701 errantesque
1202 2630 1271 2680 taa-

192 2728 281 2790 quam
301 2705 425 2786 hospites
445 2703 491 2759 tui
509 2700 578 2758 libri
593 2702 680 2782 quasi
699 2699 818 2759 domum
837 2699 1036 2772 deduxerunt,
1066 2709 1099 2758 ut
1117 2721 1270 2781 possemus

76 2832 78 2837 ,
193 2785 371 2869 aliquando,
393 2786 443 2865 qui
455 2791 485 2840 et
500 2781 550 2842 ubi
560 2787 704 2854 essemus,
727 2800 893 2856 agnoscere.
918 2818 921 2822 Α
936 2779 980 2839 Tu
993 2789 1124 2841 aetatem
1136 2786 1270 2862 patriae,

193 2879 227 2930 tu
246 2867 455 2946 descriptiones
476 2872 533 2920 tem
574 2884 657 2936 rum,
680 2872 711 2920 tu
731 2881 884 2921 sacrorum
905 2865 992 2934 iura,
1011 2871 1044 2920 trr
1063 2863 1269 2933 sacerdotum

184 2962 225 3011 ‘tu
246 2948 452 3017 domesticam,
480 2954 512 3002 tu
532 2883 667 3002 iillieam
689 2943 892 3024 disciplinam
919 2952 952 3002 ta
979 2942 1078 3001 seriem
1107 2948 1270 3021 regianum,
1302 2962 1308 2974 ·

192 3033 342 3098 locorum,⁸
363 3037 395 3086 tu
412 3029 539 3086 omnium
562 3025 726 3084 divinarum
747 3025 1001 3104 humanarumque
1020 3043 1118 3083 rerum
1139 3029 1270 3099 nemim,

191 3131 320 3188 genera,
347 3108 464 3189 officia,
492 3126 599 3166 causas
619 3109 778 3188 aperuistis
804 3106 1018 3186 plurimumque
1045 3109 1142 3185 poetis
1162 3110 1271 3167 nostris

194 3197 365 3273 omninoque
386 3191 504 3248 Latinis
522 3197 556 3246 ‘et
575 3189 682 3247 litteris
708 3189 825 3246 luminis
845 3196 875 3246 et
894 3186 988 3246 serbis
1008 3186 1138 3245 attulisti
1144 3209 1153 3248 s

191 3278 255 3356 ipse
274 3274 387 3330 varium
409 3279 438 3328 et
457 3269 576 3342 elegans
595 3272 676 3328 omni
685 3267 755 3346 flere
773 3288 893 3327 numero
909 3287 1018 3348 poema
1029 3265 1151 3345 secasti,
1173 3269 1271 3350 pitrio-

189 3375 226 3436 ,ευ
245 3355 381 3435 hiamque
409 3352 508 3408 multis
536 3351 606 3409 loeis
632 3351 778 3410 inebriasti
804 3349 847 3408 ad
873 3348 1077 3430 impellendum
1105 3354 1201 3424 satis,
1230 3347 1272 3409 ad

193 3377 372 3495 ebandum
397 3452 513 3512 parum.
553 3431 639 3490 Brut„
668 3437 719 3505 56,
747 3435 817 3491 205.
845 3451 871 3491 c.
898 3440 1011 3489 annott.
1040 3431 1155 3512 Meyer.

92 3518 97 3525 '
172 3518 345 3593 ,scientiam
368 3509 558 3592 [antiquitatis
577 3513 736 3591 Romanae]
760 3514 854 3571 Varro
873 3522 972 3571 noster
989 3521 1146 3592 acceptam
1165 3533 1186 3571 a
1222 3512 1272 3575 ttts

194 3598 238 3677 [L.
259 3594 356 3674 Aelio]
382 3604 558 3675 auctamque
580 3614 634 3674 per
653 3615 716 3652 sese
744 3597 788 3652 eir
814 3595 929 3667 ingenia
952 3599 1112 3672 praestans
1139 3587 1273 3675 omnipu

192 3679 325 3740 doctrina
350 3677 481 3759 pluribus
508 3683 538 3732 et
564 3675 769 3734 illustrioribus
795 3675 902 3733 litteris
928 3675 1096 3752 explicavit.
1146 3673 1272 3755 Philipp.

193 3761 231 3834 ll,
251 3764 292 3821 to
312 3770 342 3819 et
362 3760 411 3818 41.
433 3755 537 3831 Quint.
559 3757 596 3828 X,
622 3761 650 3830 1,
672 3760 721 3815 95.
755 3754 892 3814 Alterum
911 3753 985 3813 illuri
1004 3756 1095 3812 etiam
1113 3758 1199 3832 prius
1220 3775 1272 3815 sa·

193 3844 271 3899 tirae
295 3861 404 3915 genus,
431 3837 486 3896 sed
504 3859 560 3895 non
580 3838 644 3896 sola
673 3839 838 3895 carminum
858 3839 1003 3894 uarietate
1023 3838 1151 3894 minatum
1171 3836 1272 3897 wudi-

194 3921 239 3980 dit
257 3921 409 3979 Terentius
431 3922 543 3990 Varro,
570 3921 613 3976 eiu
632 3919 835 3977 Barcanorum
856 3916 1080 3975 eruditissimus.
1106 3915 1273 3996 4Plarirnot

193 4003 242 4062 hie
262 4001 352 4061 libros
379 4010 408 4058 et
434 4001 619 4058 decimamus
646 4002 825 4077 composuit,
850 4000 1045 4077 peritissimus
1071 3996 1192 4071 linguae
1210 3999 1273 4058 La·-

192 4087 274 4145 tiuae
293 4092 322 4141 et
340 4084 433 4142 enanis
451 4082 636 4161 antiquitatis
653 4090 682 4138 et
709 4101 808 4139 rerum
829 4077 1010 4137 Graecarum
1038 4087 1274 4163 nostrarumque,

188 4157 259 4246 plus
290 4173 391 4225 tamen
416 4164 558 4220 seieruiae
583 4162 744 4226 crunnus
771 4160 1077 4243 quam'eloquentiae.
1126 4159 1206 4223 Ata
1226 4165 1274 4223 99.
