2634 4656
24 2906 28 2910 ’
112 2900 152 2958 tis
172 2899 203 2957 in

115 231 157 287 tu
234 254 238 260 ’
434 229 593 311 Dialogus
612 228 652 291 ds
676 188 862 292 Oratoribus

113 376 236 451 samam
261 380 463 481 auspicatus.
477 408 570 471 sum,
596 406 701 479 quum
726 377 862 478 quidem
885 377 922 450 in
949 378 1105 451 Neroneo
1123 378 1190 451 irn-

113 477 256 577 probam
290 495 320 550 et
353 479 541 552 studiorum
573 505 708 577 quoque
738 505 834 549 saera
864 477 1098 577 profanantem
1124 480 1191 549 Va-

114 574 188 647 tinii
213 577 393 676 polentiam
417 576 524 674 fregi3
550 594 592 650 et·
608 576 708 648 bodie
733 576 762 647 si
783 575 865 673 quid
881 577 917 647 in
939 575 1039 648 nobis
1055 575 1191 649 notitiae

116 699 156 747 ac
180 675 325 748 nominis
351 668 419 765 est,
443 679 551 773 magis
570 674 716 750 arbitror
741 674 922 748 carminum
940 702 1043 773 quam
1069 674 1192 747 oratio-

115 850 189 907 anni
205 851 346 929 inciperet
365 869 462 911 mense
481 848 647 911 Decembri.
667 846 780 907 Histoe.
802 847 838 920 tt,
860 849 907 905 79.
936 848 1051 907 initium
1071 844 1193 925 ,ferendi

115 927 159 987 ad
182 930 389 1009 Vespasianum
409 933 526 1014 imperii
544 929 749 989 Alexandriae
776 937 917 1007 coeptum.
958 927 1022 989 Liv.
1042 926 1134 1008 praei.
1152 928 1191 987 rt

115 1011 200 1069 initio
220 1021 297 1070 certe
319 1021 422 1069 tantae
441 1015 488 1070 rei
507 1010 668 1070 ordiendae
688 1010 793 1069 adsint.
814 1007 862 1068 vd.
883 1006 1016 1067 Glossar.
1035 1007 1101 1068 Ltv.
1120 1008 1191 1069 Ern'.

116 1111 142 1150 ε.
168 1094 293 1151 initium.
328 1090 473 1154 Roetticb.
499 1092 569 1151 Lex.
599 1092 666 1150 Tac.
695 1088 831 1170 Prolegg.
856 1111 884 1169 p.
907 1090 1009 1149 thtt
1031 1111 1075 1169 sq.
1103 1088 1193 1150 Baeb.

114 1170 252 1253 Prolegg.
272 1171 339 1230 Vol.
361 1174 394 1230 ΙΙ,
415 1194 443 1255 p.
466 1172 540 1230 LtV.
567 1171 649 1231 Soet.
670 1168 760 1253 Caiig.
781 1174 829 1229 54.
857 1190 944 1252 quarn
967 1179 1000 1229 ut
1014 1173 1131 1233 initium
1151 1203 1192 1221 -

115 1257 328 1332 auspicaretur.
347 1252 421 1313 Dial.
445 1259 491 1315 16.
512 1256 615 1337 incipit
633 1285 674 1299 —-
695 1254 843 1311 exstitisse
871 1250 915 1331 (in
939 1271 998 1333 quo
1020 1250 1089 1311 loeo
1109 1251 1194 1333 pleo-

115 1353 206 1392 nasm.
227 1333 324 1393 inesse
345 1334 479 1409 videtur,
508 1333 560 1394 sed
582 1352 643 1392 non
659 1352 693 1391 re
713 1352 782 1393 vera
798 1343 861 1403 est,
880 1330 957 1390 miro
974 1330 1085 1391 iudicio
1099 1334 1193 1393 Boet-¹

115 1413 186 1473 rich.
207 1415 276 1474 Lex.
299 1411 366 1476 Tac.
387 1436 410 1474 s.
432 1412 721 1495 incipere),'cp.18.
741 1433 817 1494 prae
837 1412 949 1471 Catone
966 1411 1015 1499 Ap
1035 1416 1096 1472 ium
1116 1414 1194 1473 Cae·

116 1515 183 1554 eum
204 1500 301 1570 magis
319 1500 515 1570 mirarentur,
535 1517 580 1591 cp.
600 1500 649 1554 24.
672 1515 753 1553 mare
769 1528 810 1551 .-
834 1513 924 1573 saepe
943 1435 1101 1554 celediato.
1141 1496 1194 1555 In·

112 1575 201 1651 gredi
211 1575 332 1654 samam
361 1576 380 1636 i.
401 1599 427 1656 q.
452 1577 566 1659 ingredi
585 1574 679 1648 viam,
708 1595 764 1654 qna
782 1573 847 1653 quis
867 1574 902 1633 ad
921 1573 1024 1633 samam
1046 1574 1192 1659 (laudern)

113 1656 274 1736 perveniat.
315 1658 365 1718 sic
382 1659 499 1732 ingredi
516 1662 546 1716 in
564 1678 643 1736 spem
666 1654 726 1716 Cic.
748 1657 821 1735 Epp.
844 1654 888 1715 ad.
908 1656 986 1715 Fam.
1007 1658 1044 1734 tt,
1066 1662 1116 1718 23.
1138 1678 1193 1745 qua

114 1737 164 1799 dio
179 1741 308 1823 primum
328 1743 359 1801 in
379 1760 460 1821 spem
480 1739 627 1798 libertatis
645 1740 793 1833 ingressus
810 1757 884 1799 sum.

194 1871 281 1932 quum
300 1850 416 1932 quidem
443 1853 473 1908 in
492 1850 628 1912 Neroneo
650 1848 814 1929 improbam
843 1856 872 1906 et
890 1847 1056 1907 studiorum
1083 1868 1195 1944 quoquo

113 1948 205 1988 saera
222 1928 429 2011 profanantem
451 1933 562 1989 Vatinii
577 1933 740 2011 potentiam
753 1925 853 2069 [νιεῧ
875 1929 922 1988 De
936 1928 965 1988 b.
985 1928 1004 1988 i.
1021 1928 1194 2013 explicando

85 2048 88 2061 ι
113 2012 180 2071 VV.
199 2012 266 2071 DD.
293 2011 323 2070 in
348 2012 476 2072 diversas
504 2022 601 2092 partes
630 2011 791 2071 discedunt.
853 2009 919 2070 odd.
942 2030 1044 2073 omnes
1066 2031 1195 2077 eonsen-

113 2090 194 2151 tiunt
213 2092 244 2153 in
263 2092 329 2152 lect.
350 2096 380 2152 in
397 2092 515 2155 Nerone
534 2102 651 2173 praeter
671 2091 764 2154 Vatia.
787 2095 865 2153 1862
892 2094 922 2151 in
942 2090 1090 2157 Neronem
1111 2090 1195 2153 exbi-

113 2171 240 2235 beotem.
260 2172 409 2237 Eeksteio.
427 2173 563 2255 Prolegg.
583 2195 611 2253 p.
632 2178 651 2230 7
672 2192 714 2253 sq.
735 2193 800 2235 cunt
816 2169 974 2231 Neukircb.
994 2171 1013 2231 l.
1034 2170 1054 2231 l.
1096 2172 1195 2251 Nero.

114 2275 179 2317 nem
201 2266 231 2318 et
251 2255 415 2331 Domitium
436 2276 480 2339 ep.
506 2260 533 2315 3.
554 2253 673 2317 eandem
692 2264 737 2312 tra
760 2252 871 2315 oediam
896 2252 985 2315 babet
1005 2263 1036 2317 et
1054 2244 1197 2337 inteiligit

113 2334 277 2395 Domitium
304 2336 453 2397 Neronem
476 2336 701 2415 Imperatorem,
729 2276 908 2414 Neerlkamp.
938 2343 1041 2393 contra
1065 2333 1085 2395 Ι.
1114 2334 1134 2395 l.
1155 2346 1196 2411 ,rt

112 2415 201 2479 Baeh.
229 2417 261 2476 L.
284 2417 448 2477 Domitium
474 2414 718 2489 Ahenobarbum,
746 2414 787 2474 fil.
815 2411 869 2475 Cn.
890 2414 1031 2489 Domitii,
1059 2410 1195 2479 Caesaris

113 2497 286 2563 acerrimum
308 2498 475 2573 inimicum,
504 2496 554 2595 qui
582 2508 679 2562 tarsen
700 2495 847 2561 Eckstein.
869 2496 905 2561 ad
945 2516 1081 2561 ersonam
1100 2496 1196 2581 tragi-

114 2599 174 2638 eam
202 2579 302 2643 multis
331 2581 368 2645 de
394 2579 488 2645 causis
515 2577 714 2664 ineptissimus
739 2577 864 2641 videtur.
932 2576 1103 2643 autcarius
1124 2598 1196 2639 seu.

111 2660 252 2734 tentiam,
274 2681 330 2739 qno
350 2661 470 2733 statuit,
498 2660 664 2725 Maternum
684 2657 716 2721 ia
736 2657 835 2724 eadent
854 2656 968 2732 sabula,
995 2656 1028 2723 in
1048 2679 1106 2745 qua
1124 2664 1195 2745 par·

111 2752 157 2799 tes
178 2739 328 2819 primarias
347 2739 487 2804 tribuerit
507 2738 709 2803 crudelissimo
728 2751 871 2823 tyranno,
901 2738 1089 2829 tyrannidem
1110 2760 1197 2803 exre·

114 2821 189 2880 erari
233 2820 364 2895 amisse,
391 2820 480 2885 modo
502 2839 563 2877 non
585 2820 683 2917 ipsum
704 2819 853 2880 Neronem
873 2818 1053 2885 laudatorem
1073 2818 1197 2887 tibens.

205 2842 338 2975 duxerit,
374 2912 404 2960 et
427 2898 574 2959 Vatinium
595 2911 674 2958 iuter
696 2901 825 2960 eiusdem
846 2898 959 2965 fabulae
981 2920 1125 2988 personas
1145 2902 1196 2963 fu.

113 2979 190 3053 isse,
213 2980 310 3067 ibique
331 2981 403 3041 adeo
426 2980 595 3063 castigatum
617 2980 655 3046 ob
679 3001 794 3045 morum
816 2980 1032 3067 improbitatem
1051 2982 1196 3047 coasilio·

113 3082 238 3141 rumque
255 3064 495 3202 permutemus
515 3062 561 3122 rel
576 3062 689 3122 Neroni
712 3062 774 3122 eius
798 3062 954 3150 indignitas
976 3062 1006 3122 in
1023 3062 1129 3125 oeulos
1145 3066 1195 3147 ἰιι.Ι

115 3144 235 3203 currere
275 3143 405 3218 abuerit,
429 3154 509 3208 reete
529 3143 697 3210 observarit
711 3142 855 3221 Baebius,
874 3144 923 3203 rix
937 3164 954 3203 a
967 3145 1116 3223 Materno,
1136 3142 1196 3208 Ct-

113 3220 194 3285 tonis
216 3237 245 3284 et
264 3225 389 3291 Domitii
408 3237 506 3306 poeta,
528 3224 617 3287 scribi
636 3223 770 3313 potuisse
784 3224 945 3299 Neronem,
965 3224 996 3284 in
1012 3244 1079 3305 qua,
1101 3240 1195 3309 mom

91 3307 94 3312 ’
114 3305 300 3371 acerbissime
320 3307 351 3370 in
370 3306 557 3398 tyrannidem
574 3306 744 3383 invectores
764 3303 869 3381 inerit,
892 3306 942 3369 rix
960 3316 1108 3389 tyrannas
1130 3306 1195 3389 pri·

114 3385 218 3444 marius
240 3398 336 3466 partes
360 3387 507 3453 sustinere
533 3386 683 3476 potuerit,
712 3385 757 3451 sin
785 3397 881 3452 autem
910 3385 1094 3467 scripsisset,
1120 3408 1196 3473 pro·

113 3466 193 3525 fecto
219 3487 280 3541 non
310 3478 376 3528 ante
404 3467 533 3528 Neronis
561 3468 674 3529 obitum
704 3486 766 3534 eam
801 3466 931 3533 seribere
958 3466 1110 3549 potuisse,
1140 3466 1195 3535 ubi

112 3545 245 3630 ineptum
267 3569 336 3611 sane
357 3560 436 3608 esset
456 3551 620 3608 Maternum
642 3547 780 3608 inducere
799 3548 1012 3628 praedicantem
1035 3546 1195 3609 se.Vatiuii

113 3630 273 3713 potentiam
291 3629 430 3711 fregisse,
453 3651 538 3708 quem
553 3630 632 3699 iuter
645 3649 786 3717 personas
801 3628 924 3710 tragicus
938 3628 1035 3689 locum
1056 3629 1195 3697 babuisse

114 3730 205 3788 aeque
228 3710 419 3790 improbabile
440 3711 479 3770 sit
503 3730 536 3769 ae
562 3721 666 3793 putare
694 3709 756 3769 eius
785 3708 1000 3789 improbitatem
1020 3710 1052 3769 iu
1073 3722 1195 3794 tragoe-

115 3790 161 3849 dia
182 3791 346 3873 castigatam
367 3793 415 3857 vel
441 3790 572 3862 Neroni,
601 3789 712 3849 bantini
733 3790 933 3868 nequissimo,
964 3790 994 3849 iu
1016 3789 1121 3853 oculos
1145 3792 1194 3851 iu.-

114 3890 234 3935 currere
255 3872 399 3933 debuisse.
425 3871 520 3931 Aliam
536 3871 611 3931 viam
626 3870 685 3929 loci
699 3871 901 3932 emendatione
919 3871 1092 3953 expediendi
1104 3892 1198 3933 moa.

113 3950 219 4014 stravit
239 3953 374 4019 Gronov.
395 3953 540 4016 Observa.
563 3953 612 4026 ltt,
634 3953 663 4014 4.
682 3972 711 4030 p.
734 3954 802 4014 354.
824 3953 868 4013 ed.
884 3953 1012 4012 Platner.
1053 3952 1195 4014 Neroniis

113 4030 316 4109 coniectantis,
336 4053 392 4118 pro
413 4053 473 4116 quo
491 4032 629 4098 Osanuur
649 4031 807 4114 proposuit
826 4034 981 4110 Neroneis,
1000 4032 1078 4093 sicut
1097 4044 1196 4097 exstat

112 4111 281 4182 Neroneum
307 4135 433 4182 mensem
461 4115 540 4181 Aru·
561 4114 643 4192 avt,
667 4119 714 4181 12.
740 4113 824 4181 Suet.
850 4115 922 4181 Ner.
948 4118 998 4181 ⁵⁵.
1025 4134 1128 4197 aeona
1152 4113 1193 4180 ib.
