2634 4656
189 253 235 316 96
521 250 680 334 Dialogus
700 252 739 313 de
762 251 946 327 Oratoribus

188 405 320 509 Aprum
335 405 426 478 enim
448 402 554 477 sole're
578 403 755 479 dissentire
777 423 808 479 et
823 422 859 479 tn
877 405 979 507 paulo
997 423 1073 481 ante
1089 406 1216 498 dixisti,
1239 424 1271 483 et

189 506 264 606 ipse
279 505 360 577 satis
378 503 574 576 manifestus
592 522 642 577 est
659 504 854 578 iamdudum
868 504 1122 579 incontrnriurn
1139 508 1270 606 accingi

189 631 252 679 nec
271 630 379 703 aequo
399 602 510 674 animo
533 603 683 703 perferre
699 603 785 677 banc
802 621 950 677 nostram
969 632 1033 704 pro
1054 605 1271 704 antiquorum

190 703 289 777 laude
316 701 539 775 concordiam.
589 704 666 774 Non
682 703 788 791 enirn,
810 703 920 802 inquit
944 705 975 776 A
1002 731 1054 792 er,
1080 703 1270 780 inauditum

191 820 224 877 et
247 801 459 874 indefensum
482 800 650 874 saeculum
675 818 826 874 nostrum
845 732 1036 902 patiar'liac
1057 819 1167 876 vestra
1188 831 1271 878 con-

190 969 406 1053 relinqaendam
428 980 479 1029 est.
501 969 588 1030 Offic.
611 972 661 1047 ΙΙΙ,
683 977 711 1030 2.
734 973 786 1051 qai
803 980 929 1045 negant,
960 991 1025 1029 eam
1046 973 1143 1032 locam
1164 993 1187 1031 a
1205 960 1272 1034 Pa-

190 1056 289 1113 naetio
309 1072 364 1108 non
380 1055 640 1131 praetermissum,
659 1051 714 1110 sed
734 1054 864 1111 consulto
885 1052 1024 1112 relictam.

270 1131 384 1211 Aprum
405 1133 492 1208 enim]
533 1133 627 1191 Hand.
654 1133 742 1192 Turs.
770 1132 837 1193 Vol.
866 1135 901 1192 ΙΙ.
928 1155 957 1214 p.
985 1139 1055 1194 382.
1101 1136 1213 1217 »Saepe
1240 1135 1272 1198 iu

192 1213 442 1274 demonstratione
464 1212 585 1272 alicuius
608 1213 652 1272 rei
672 1213 768 1273 oratio
789 1236 825 1275 ex
845 1214 990 1275 sententia
1010 1214 1105 1294 aliqua
1132 1218 1168 1276 ad
1185 1217 1272 1279 aliam

190 1295 424 1377 transgreditur,
452 1306 596 1373 quaeant
622 1295 775 1355 veritatem
804 1294 889 1356 istius
920 1295 1088 1378 diligentius
1115 1298 1273 1379 persequi·

190 1390 260 1452 tur,
281 1387 331 1436 aut
351 1375 459 1454 aliquid
480 1374 616 1448 declarat,
639 1377 719 1455 ‘quod
736 1389 801 1436 curn
821 1398 854 1436 ea
874 1375 1018 1436 cohaeret.
1061 1378 1094 1436 ln
1110 1399 1171 1458 quo
1192 1401 1273 1441 nexu

191 1479 247 1520 uos
269 1456 474 1537 disputationis
494 1477 685 1539 progressum
706 1457 858 1540 designare
880 1469 911 1518 et
936 1456 1086 1518 vocabulis
1107 1447 1184 1535 uun',
1212 1483 1289 1523 aun·

190 1541 264 1602 aber
283 1539 332 1599 uti·
348 1538 502 1598 solemus«
1107 1538 1114 1553 ⁸

193 1678 197 1689 .
275 1638 305 1687 et
325 1630 386 1708 ipse
406 1629 482 1684 satis
502 1623 674 1704 manifestas
695 1636 738 1686 est
759 1626 931 1686 iamdudum
959 1630 991 1686 in
1011 1631 1195 1688 eontrarium
1218 1649 1273 1690 ac-

193 1711 281 1787 cinge]
311 1710 477 1768 structura
504 1707 606 1767 adiect.
634 1708 807 1786 manifestas
834 1729 858 1768 c.
878 1706 984 1767 inlinit.
1008 1708 1093 1768 actis.
1113 1721 1144 1769 et
1163 1710 1273 1790 pessir.

194 1803 241 1853 est
259 1793 388 1861 Graeca,
410 1789 462 1848 scd
480 1788 586 1848 usitata
604 1790 701 1869 poetis
716 1787 824 1849 Latinis
840 1799 871 1849 et
885 1789 1079 1870 scriptoribus
1094 1791 1275 1871 posteriori·

191 1869 251 1932 bus'
273 1872 320 1932 vd.
348 1869 451 1929 blattb.
476 1871 531 1928 Gr.
552 1871 607 1930 Gr.
633 1870 661 1952 ξ.
685 1876 752 1930 335.
780 1870 924 1930 Vecbner.
944 1862 1128 1930 Hellenolex.
1151 1895 1180 1953 p.
1201 1879 1274 1933 303.

194 1954 239 2014 ed.
260 1955 350 2012 Heus.
374 1950 432 2011 lani
455 1951 554 2010 Gram.
576 1963 655 2032 poet.
675 1973 702 2032 p.
726 1954 783 2012 145
805 1974 849 2031 sq.
875 1951 1051 2018 Ramsborn.
1078 1953 1133 2012 Gr.
1154 1953 1182 2035 §.
1205 1960 1274 2015 168.

191 2035 228 2103 N.
251 2041 278 2094 2.
299 2031 430 2093 Betticta
446 2032 515 2091 Lex.
534 2032 602 2091 Tac.
624 2056 651 2112 p.
669 2037 737 2092 265.
760 2032 868 2114 Xr'ueg.
888 2034 1067 2095 Untersucb.
1081 2035 1163 2094 Fasc.
1176 2037 1230 2094 ΙΙΙ.
1244 2056 1273 2116 p.

85 2134 96 2179 ’,
192 2118 262 2177 417.
282 2114 370 2175 Bacb.
395 2112 530 2195 Prolegg.
550 2112 617 2172 Vol.
637 2116 657 2171 Ι.
678 2136 706 2193 p.
722 2115 828 2173 XXVl.
850 2112 995 2194 explicitus
1016 2118 1096 2182 αὐτὸς
1115 2109 1198 2191 δῆλός
1217 2122 1275 2177 ἐστι

192 2193 451 2275 παρασκευάζεσθαι.
493 2196 561 2253 Tac
582 2196 659 2253 Ann.
681 2195 717 2266 ll,
739 2200 787 2253 57.
813 2194 935 2277 postque
964 2216 1053 2254 raras
1079 2201 1109 2256 iu
1130 2198 1275 2257 tribunali

81 2327 85 2335 .
193 2279 333 2338 Caesaris
355 2276 444 2348 Piso,
464 2275 622 2358 siquando
643 2275 805 2349 assideret,
834 2287 925 2335 atroce
946 2297 982 2336 oc
1001 2277 1156 2337 dissentire
1176 2282 1276 2338 moni-

171 2392 173 2396 *
183 2358 283 2440 festus
310 2357 379 2437 ibiq.
407 2356 495 2417 Bach.
524 2357 597 2417 Stat.
624 2355 717 2417 Theb.
739 2357 786 2429 Χ,
806 2362 874 2416 753.
924 2357 1072 2439 Exempto
1100 2357 1277 2439 manifestus

193 2441 309 2501 casside
332 2442 419 2499 nosci.
441 2475 479 2490 -
521 2438 646 2512 Accingr'
663 2442 693 2497 in
715 2442 893 2498 contrariam
913 2438 932 2496 i.
956 2462 983 2519 q.
1005 2440 1181 2501 contrariam
1203 2460 1276 2503 sen·

16 2548 20 2557 ·
80 2567 92 2573 -
191 2522 312 2583 tentiam
334 2520 508 2594 defendere,
541 2540 573 2580 se
593 2539 695 2615 parare
722 2520 758 2580 ad
777 2519 953 2580 contrariam
975 2521 1150 2581 sententiam
1170 2521 1277 2583 desen·

193 2603 316 2664 (leudam
341 2634 378 2647 -
400 2601 436 2661 ad
456 2601 611 2661 adversarri
630 2612 726 2680 partes
741 2600 949 2681 suscipiendas.
989 2601 1152 2676 Accingere
1161 2623 1194 2664 se
1210 2603 1276 2667 sire

94 2718 97 2727 ·
193 2688 306 2759 accingi
324 2682 529 2762 frequentatur
550 2702 566 2740 a
585 2681 729 2762 Virgilio,
750 2681 855 2756 Livio,
877 2681 981 2742 Tacito
1001 2682 1031 2741 in
1052 2682 1164 2765 magnis
1183 2683 1276 2745 rebus

193 2763 406 2846 suscipiendis,
436 2784 509 2842 qnae
536 2761 678 2841 loquendi
700 2761 775 2822 ratio
797 2764 883 2822 ducta
906 2775 952 2822 est
979 2783 1014 2822 ex
1038 2784 1092 2837 eo,
1121 2765 1203 2844 quod
1226 2764 1278 2845 qai

36 2885 42 2892 -
152 2883 158 2888 ·
192 2847 301 2926 aliquid
330 2843 400 2905 serii
428 2843 522 2904 lacere
551 2841 707 2923 parabant,
746 2844 791 2903 cin
813 2843 864 2902 ulo
892 2856 988 2904 restes
1023 2844 1153 2923 alioquin
1181 2845 1277 2907 lluxes

194 2925 443 3010 constringebant.
464 2925 511 2986 vd.
531 2923 649 2983 ltuhnk.
671 2923 748 2983 niet.
769 2866 812 2984 ad
823 2927 892 2985 Ter.
912 2947 941 3006 p.
965 2930 1030 2984 139.
1051 2925 1181 2986 Biitticb.
1204 2928 1277 2989 Lex.

193 3009 261 3069 Tac.
282 3031 305 3068 s.
328 3030 372 3067 v.:
394 3010 512 3082 accingi
532 3004 574 3064 ad
591 3026 672 3086 spem
695 3038 733 3050 -
754 3006 889 3066 ultianein
911 3007 978 3065 Tae
1001 3006 1077 3065 Hist.
1106 3010 1158 3084 lV,
1176 3011 1226 3069 79.
1247 3011 1278 3069 ia

193 3091 354 3151 audaciam
377 3089 454 3147 Anu.
475 3090 525 3162 ΙΙΙ,
547 3091 594 3145 66.
615 3089 645 3146 in
665 3086 818 3146 discrimen
839 3086 903 3146 Liv.
924 3088 960 3160 ΙΙ,
984 3091 1030 3147 12.
1065 3122 1068 3126 *
1276 3088 1280 3097 '

278 3177 346 3239 Noa
364 3178 451 3254 enim]
492 3178 547 3236 »ot
566 3178 618 3254 γάρ
644 3174 784 3255 ponitur,
812 3172 864 3234 ubi
885 3176 1001 3248 negatio
1028 3185 1078 3234 aut
1096 3198 1190 3235 unum
1209 3187 1278 3239 ien-

193 3269 258 3320 tunr
286 3257 459 3318 vocabulum
487 3256 577 3317 afficit
604 3268 655 3316 aut
681 3267 761 3317 certe
792 3253 902 3315 maiore
935 3254 1056 3334 quadam
1084 3255 1113 3316 ri
1142 3257 1278 3319 effertur.

196 3339 301 3414 Quint
321 3341 361 3412 X,
386 3343 413 3413 1,
433 3345 460 3396 8.
502 3338 570 3400 Non
597 3341 673 3415 euim
694 3338 787 3396 solrtm
818 3338 938 3394 nomiae
959 3339 1024 3416 ipsa
1046 3357 1145 3396 reram
1168 3360 1279 3415 coguo-

192 3441 308 3480 scemas
329 3420 384 3477 ltac
404 3440 478 3477 curo
499 3432 553 3479 etc.
577 3423 605 3493 1,
629 3423 696 3477 109.
736 3417 803 3479 Non
830 3419 905 3476 euim
922 3418 1054 3499 plrcoias,
1083 3428 1116 3478 ut
1137 3423 1184 3479 ait
1202 3420 1278 3481 Pia·

193 3503 303 3572 doras,
334 3520 431 3580 aquas
457 3502 597 3575 colligit„
618 3499 672 3558 sed
702 3502 762 3558 oioo
797 3501 915 3573 gurgite
950 3498 1107 3559 secundat«
1156 3501 1278 3562 Herbst.

194 3584 231 3645 ad
253 3581 358 3657 Quint.
380 3581 418 3655 X,
442 3585 470 3654 1,
493 3588 521 3640 8.
557 3581 693 3643 Notanda
714 3579 840 3649 videtur¹
853 3579 992 3658 quaedam
1013 3579 1191 3663 negligentia
1209 3603 1279 3643 ora-

192 3664 305 3737 tionis,
327 3683 417 3742 quum
439 3674 579 3741 quattuor
599 3659 853 3723 enuntiationibus
871 3681 902 3718 se
918 3658 1131 3739 excipientibus
1151 3662 1281 3743 praelixa

107 3749 110 3753 ’
161 3813 165 3818 .
193 3746 233 3804 sit
258 3743 399 3826 particula
423 3743 559 3802 causalis:
589 3740 669 3802 Nam
690 3751 719 3799 et
736 3741 991 3879 -Apruoreniar
1007 3774 1040 3784 -
1056 3743 1215 3804 Nonenim
1238 3778 1279 3795 .-

44 3820 51 3836 ‘
193 3825 378 3900 Egoenim:
408 3825 491 3884 cuius
515 3834 680 3883 structurae
708 3841 838 3903 exerupa
865 3822 912 3880 vd.
942 3820 1046 3896 Quint.
1071 3826 1110 3898 X,
1135 3829 1164 3898 t,
1188 3832 1216 3885 8.
1239 3830 1280 3901 9.,

194 3907 248 3967 ubi
268 3907 386 3967 Herbst.
408 3904 471 3964 aliis
493 3902 631 3983 exemplis
653 3923 669 3961 e
691 3901 795 3976 Quint.
816 3901 907 3961 allatis
929 3902 1059 3962 conferri
1085 3905 1169 3968 iubet
1191 3927 1280 3966 usnrn

196 3986 336 4066 loquendi
359 3987 479 4046 Graece.
505 4006 549 4064 ap.
579 3982 712 4062 Xenopb.
743 3981 835 4046 Anab·
862 3985 911 4054 ΙΙΙ,
940 3990 970 4057 2,
992 3990 1040 4044 32.
1070 3988 1109 4062 V,
1133 3993 1162 4063 6,
1184 3990 1213 4049 4.
1243 3986 1280 4049 cl'.

195 4066 331 4129 Bonnell.
354 4064 491 4148 Prolegg.
513 4066 548 4123 ad
567 4065 637 4123 Lex.
654 4063 762 4141 Quint.
781 4087 809 4144 p.
832 4065 977 4123 LXXXll.

276 4147 444 4209 inauditam
473 4156 503 4207 ct
522 4142 701 4226 indefensum
722 4182 762 4196 -
784 4145 934 4223 demerui]
975 4146 1044 4207 Tac.
1063 4148 1143 4207 Anu.
1158 4150 1211 4221 Vl,
1232 4154 1279 4211 77.
