2634 4656
90 228 136 303 38
418 235 577 318 Dialogus
596 236 635 297 de
659 233 845 297 Oratoribus

89 391 218 511 pluralis
248 388 406 464 arrdaciae
433 374 533 488 atque
564 388 673 504 ip'sius
698 387 891 462 temeritatis
915 386 967 460 rel
989 386 1179 488 praecipua.

89 491 284 585 ¹iucunditas
310 508 367 563 est.
417 491 504 561 Nam
525 488 561 561 in
583 490 720 585 tagenio
737 517 805 589 quo
831 516 891 577 ue,
917 487 1004 559 sicut
1020 486 1057 559 iu
1078 514 1169 583 agro,

91 618 286 690 quanquam
310 589 373 663 alia
399 589 458 661 diu
474 603 629 662 serantur
648 605 750 687 atque·
773 516 1007 677 oliboreatur,
1025 587 1170 689 gratiora

89 706 224 778 mareu,
250 717 337 789 quac
362 717 424 762 sua
449 704 568 790 sponte
588 703 782 761 nuscuntur.

94 902 97 907 -
173 865 385 944 extemporalis
404 863 555 922 audaciae.
577 872 667 941 atque
685 864 779 941 ipsius
797 857 992 943 temeritates]
1028 863 1051 923 l.
1072 884 1102 943 q.
1117 884 1170 945 cp.

89 950 143 1007 to.
152 943 301 1025 fortuitae
321 955 350 1004 et
370 944 486 1004 subitas
505 943 642 1003 diationis
661 947 796 1023 impetus.
827 942 856 1003 A
875 942 1077 1023 scriptoribus
1095 956 1171 1009 aeta-

88 1027 131 1089 tis
150 1038 324 1108 argenteae,
350 1026 505 1106 praecipue
524 1045 541 1084 a
557 1022 681 1101 Quint,
707 1027 890 1106 usurpantur
909 1028 1126 1104 extemporalia
1139 1038 1171 1093 ,et

90 1110 340 1188 catemporolr'tas
358 1105 431 1188 (hoc
452 1105 540 1167 semel
561 1108 685 1167 Sueton.
705 1107 765 1167 Tit.
786 1105 830 1186 3.)
851 1106 887 1167 dc
907 1106 1045 1168 oratione
1066 1106 1171 1185 sutria,

90 1211 184 1269 quum
203 1190 279 1269 apud
299 1187 395 1249 Cicer.
415 1199 532 1249 exstent
550 1186 709 1249 formulae:
742 1188 838 1247 salita
858 1188 957 1247 disere
985 1188 1022 1249 (lc
1043 1189 1130 1265 Orat.
1146 1192 1171 1267 l,

90 1276 144 1346 33,
169 1275 228 1331 150
249 1282 279 1330 et
297 1276 365 1333 152.
392 1290 430 1329 aa
450 1282 583 1350 tempore
600 1292 646 1351 pr.
669 1270 760 1333 Arch.
781 1291 826 1351 cp.
847 1270 1023 1359 8.,·salr'ta
1052 1280 1082 1331 ct
1102 1268 1170 1351 firr-

85 1357 173 1419 tur'ta
192 1357 290 1412 oratio
313 1353 349 1413 de
370 1352 453 1412 Orat.
475 1354 497 1426 l,
517 1356 569 1429 33,
589 1357 676 1426 tao,
702 1352 817 1411 subitae
842 1351 985 1411 dictiones
1011 1351 1084 1413 ibid.
1107 1358 1171 1415 152.

90 1434 140 1494 vd.
167 1435 239 1493 Era.
263 1436 333 1494 Lex.
344 1434 441 1493 techn.
455 1435 517 1493 Lat.
533 1455 556 1493 s.
577 1456 626 1494 vv.
645 1435 758 1493 salitus
773 1444 804 1492 et
821 1434 1045 1512 extemporales.
1083 1434 1172 1517 Apud

93 1515 221 1590 Quintil.
242 1518 281 1589 X,
301 1522 330 1588 6,
352 1521 379 1574 6.
407 1518 619 1593 extemporalis
645 1519 815 1590 temeritas,
844 1526 880 1575 ut
902 1515 1006 1578 Senes.
1027 1514 1171 1581 Corma.

89 1596 125 1656 lt.
145 1602 175 1658 3.
206 1599 343 1676 Excerpt.
364 1619 392 1676 p.
414 1602 481 1656 396.
502 1596 567 1677 Bip.
595 1601 747 1656 temeritas
769 1597 806 1655 de
825 1596 961 1656 facultate
983 1618 1019 1656 cx
1039 1609 1173 1679 ternpore

91 1678 224 1751 diceudi;
252 1676 356 1738 deinde
383 1678 593 1738 conserendum
621 1689 667 1739 est
685 1688 783 1739 totum
805 1698 866 1760 cap.
885 1684 918 1739 ,7.
947 1676 1055 1752 Quint.
1075 1680 1113 1741 tle
1131 1678 1172 1743 sa·

91 1760 201 1820 cultate
229 1781 265 1819 cx
299 1771 433 1841 tempore
470 1760 602 1837 dicendi,
639 1759 692 1821 ubi
720 1760 934 1841 extemporalis
959 1778 1116 1823 successus
1134 1794 1172 1809 -·
1204 1790 1210 1801 ·

93 1844 176 1901 actio
198 1878 239 1890 -
248 1840 388 1921 facilitas
410 1852 464 1901 ete.
484 1841 603 1924 legitur.
1103 1860 1106 1865 ·

87 1950 91 1959 '
117 2008 120 2013 .
172 1972 339 2031 quanquam
360 1954 424 2011 alia
444 1951 495 2011 dia
513 1962 652 2012 serantur
673 1961 761 2031 atqua
782 1949 998 2094 staturatarpl
1009 1954 1075 2021 alia
1090 1952 1172 2023 omit.

91 2028 167 2094 cod.
188 2036 273 2093 Fara.
294 2046 325 2093 ct
344 2033 449 2109 Barla,
478 2024 529 2113 qni
553 2054 608 2114 pro
635 2054 718 2095 mero
743 2032 919 2116 glossemate
943 2034 978 2093 ha
1000 2055 1054 2095 ens
1086 2034 1174 2095 verlra

87 2115 136 2174 ”sic
157 2113 386 2175 circumscribit:
414 2136 495 2172 »nam
515 2114 592 2173 sicut
617 2134 744 2195 eaquae
772 2115 802 2173 in
829 2122 974 2197 agro‘sua
996 2126 1106 2196 sponte
1123 2133 1174 2175 aa·

88 2192 218 2256 'scantur
247 2197 282 2254 iis
304 2216 378 2276 quae
407 2208 543 2255 scrantur
567 2206 654 2274 atque
678 2195 887 2271 elaberentur,
921 2196 1052 2279 gratiora
1079 2208 1175 2259 umen

92 2289 181 2353 saut,
203 2277 243 2336 ita
263 2278 293 2335 in
314 2276 434 2358 ingenio
456 2296 574 2356 quoque
595 2277 800 2358 extemporalis
815 2277 982 2358 eloquentia
995 2278 1175 2418 gratiorett

93 2374 179 2437 quam
198 2359 359 2418 meditata«
398 2358 471 2417 Alia
498 2354 711 2439 interpretatur
732 2359 771 2418 G.
791 2358 886 2419 lacob.
913 2360 944 2418 ia
965 2359 992 2418 A
1016 2359 1103 2419 dead.
1121 2358 1175 2419 Etl.

92 2440 207 2501 Dronk.
227 2463 255 2521 p.
278 2443 347 2499 245.
368 2459 419 2516 ea,
448 2461 522 2520 qnae
549 2453 619 2500 sunt
646 2439 735 2523 longe
756 2439 829 2501 alius
850 2441 967 2525 generis
990 2462 1079 2520 qnam
1103 2436 1176 2521 auae

88 2516 201 2603 'sponte
222 2533 402 2582 nascuntur:
432 2522 467 2582 de
490 2542 546 2602 qua
567 2522 691 2583 notione
711 2545 739 2583 v.
768 2524 845 2581 altas
866 2523 902 2583 cl.
923 2522 1045 2582 Walclr.
1066 2524 1176 2583 Emeu-

88 2604 165 2663 'datt
185 2598 248 2663 Lir.
268 2626 297 2683 p.
317 2608 387 2681 58.,
416 2603 493 2665 sicut
514 2604 551 2663 dc
573 2628 601 2665 v.
629 2604 710 2672 ἄλλος
730 2603 884 2681 Heindorf.
903 2603 939 2664 ad
959 2602 1032 2664 Plat.
1052 2602 1176 2665 Plateia

94 2708 124 2765 p.
153 2688 223 2744 234.
263 2686 360 2744 Locus
391 2684 433 2744 sic
463 2697 508 2744 est
537 2684 740 2767 explicandus:
777 2684 862 2745 Sicut
887 2684 1020 2769 in·agro
1047 2686 1177 2768 gratiora

96 2776 183 2839 sunt,
206 2780 279 2845 quae
300 2787 352 2825 sua
375 2777 481 2847 sponte
502 2778 663 2826 nascuntur
683 2788 769 2847 quam
789 2765 860 2841 alia,
890 2787 963 2846 quac
985 2765 1085 2850 longo·
1102 2758 1177 2837 teni,-

94 2864 169 2943 pore
197 2865 363 2927 magnoque
395 2868 461 2906 cum
488 2845 589 2907 labore
618 2861 759 2909 seruntur
783 2859 874 2927 atque·
889 2846 1048 2924 coluntur,
1068 2847 1122 2909 *ita
1145 2848 1177 2909 ia

94 2926 214 3011 tagenio
236 2948 355 3007 quoque
376 2926 580 3008 extemporalis
598 2929 782 3011 eloquentiae
797 2928 891 2989 maior
903 2928 1070 2989 iucunditas
1092 2940 1178 3011 qaam

28 3016 30 3021 ’
94 3019 243 3070 accuratae
263 3009 475 3088 meditatusque
496 3010 647 3072 orationis.
670 3046 707 3058 -
746 3010 885 3092 Exempla
902 3010 1064 3092 particulae
1084 3022 1178 3091 quaa-

95 3111 183 3171 puam
205 3111 271 3150 cum
293 3089 483 3151 coniunctivo
509 3090 699 3167 coniunctae,
726 3113 800 3173 quae
829 3104 977 3152 structura
1004 3092 1090 3171 valcle
1105 3092 1178 3155 'uri'-

52 3240 63 3249 ..
93 3182 154 3249 tata
169 3171 274 3231 Tacito
298 3183 328 3231 et
349 3169 551 3247 Quintiliano,
581 3173 652 3234 item
669 3172 731 3235 aliis
752 3176 853 3234 aetatis
874 3184 1029 3256 argenteae
1050 3173 1178 3256 scripto-

94 3251 197 3328 ribus,
220 3263 335 3312 exstant
353 3253 429 3312 Dial.
448 3259 498 3315 25.
518 3260 568 3314 26.
589 3258 637 3317 34.
658 3256 736 3315 Anu.
757 3256 781 3332 l,
802 3260 830 3315 3.
850 3254 903 3316 ubi
923 3277 951 3316 r.
971 3253 1079 3329 Baua,
1103 3274 1179 3336 quo·

95 3356 163 3405 rum
189 3354 322 3417 magnam
351 3334 463 3416 copiam
490 3333 610 3418 collegit
629 3336 776 3398 Boettich.
803 3336 872 3399 Lex.
892 3338 961 3399 Tac.
982 3344 1011 3418 p.
1036 3338 1095 3396 111
1119 3356 1206 3419 sqq·

102 3413 231 3490 Quintil.
254 3418 291 3488 X,
314 3420 342 3492 1,
362 3422 410 3476 33.
430 3416 482 3476 ubi
499 3440 527 3479 v.
558 3417 678 3479 Herbst.
699 3420 738 3495 X,
761 3424 792 3495 2,
814 3424 875 3480 21.Ι
894 3416 1032 3479 Frotsch.
1053 3417 1179 3481 Suetou.

96 3494 182 3558 Caes.
205 3501 232 3556 3.
252 3494 304 3557 ubi
320 3519 348 3558 v.
369 3498 478 3559 Bremi.
517 3499 564 3560 De
584 3499 639 3561 hac
659 3512 807 3562 structura
825 3500 902 3584 apud
915 3498 1093 3561 Ciceronem
1105 3498 1180 3583 beat

97 3576 374 3661 exposuitffSoldan.
396 3576 434 3639 ad
454 3579 536 3640 Orat.
558 3602 602 3662 pr.
624 3582 719 3665 Ligar.
740 3588 771 3659 8,
786 3588 835 3643 23.
856 3604 885 3665 p.
908 3586 996 3656 127.,
1015 3579 1070 3641 nbi
1092 3580 1179 3643 simul

97 3660 176 3721 lara
199 3680 285 3719 mann
307 3662 371 3717 VV.
395 3662 461 3721 Dl).
489 3665 680 3740 memoravit,
711 3664 762 3744 qui
787 3665 823 3724 de
852 3663 951 3724 eadem
977 3680 1011 3722 re
1041 3674 1179 3745 egerunt,

99 3682 204 3821 quilius
226 3742 300 3800 addo
321 3740 405 3802 Fabr.
434 3741 469 3802 ad
489 3740 552 3802 Liv.
571 3746 652 3821 XXl,
677 3750 723 3805 13.
744 3780 785 3790 -
829 3746 997 3807 Elabar-ars
1023 3742 1056 3802 in
1084 3744 1181 3824 aliqua

98 3826 131 3881 r'e
152 3833 197 3880 est
216 3822 369 3903 proprium
390 3822 451 3884 Cic.
474 3835 504 3883 et
526 3824 704 3908 scriptorum
728 3842 831 3888 aureae
847 3838 877 3888 et
891 3837 1046 3910 argenteae
1066 3826 1181 3901 aetatis,

99 3902 255 3961 elaborare
283 3903 391 3983 aliquid
424 3916 577 3985 poetarum
608 3919 638 3968 et
666 3907 844 3989 scriptoram
879 3919 1032 3991 argenteae
1066 3908 1181 3983 aetatis,

99 3982 151 4042 sed
174 3984 327 4043 elaborari
352 3996 382 4044 et
408 3986 563 4067 praecipue
592 4000 665 4070 part.
715 3989 768 4050 crf.
786 3990 943 4071 utriusque
961 3987 1076 4049 aetatis.
1119 3987 1182 4051 cio.

97 4064 171 4124 Tus.
188 4062 272 4144 Disp.
293 4067 315 4136 1,
338 4071 367 4142 1,
393 4071 419 4126 1.
446 4077 499 4126 aat
519 4081 645 4151 accepta
665 4012 712 4130 ai
725 4070 906 4150 illisfeoisss
929 4070 1057 4131 meliora
1091 4089 1182 4151 puae

99 4144 217 4227 quidam
238 4146 329 4220 digua
351 4151 539 4225 statuissent,
568 4157 599 4213 ia
623 4154 725 4233 pullus
753 4154 942 4214 elaborarent
966 4150 1037 4233 iblq.
1062 4112 1173 4213 kuelm
