2634 4656
488 297 496 309 -
559 260 636 342 cap.
659 227 827 324 'xxxrrn
1152 218 1218 327 aaa
1314 218 1316 225 '

113 482 117 489 Α
144 444 210 490 sna
224 412 325 487 'soliti
352 408 426 486 sint.
479 408 594 514 Neque
620 414 706 488 enirn
732 410 811 488 ‹lnrn
834 409 903 491 art'e
922 433 954 489 et
974 406 1129 507 scientia,
1154 418 1217 494 secl

95 560 99 567 ·
142 517 247 613 longe
264 517 369 613 magis
392 513 545 586 facultate
564 531 595 587 ct
612 514 866 616 *eloquentiane
892 515 1052 592 contineri
1078 544 1139 591 nec
1166 535 1230 617 tn,¹

142 634 250 720 puto,
276 614 422 703 abnues,
450 613 538 687 ethi
563 613 749 711 significare
773 615 862 690 vultu
883 618 1055 691 videntur.
1082 618 1215 694 Deinde

143 740 250 818 quum
275 717 369 816 Aper
387 741 520 814 quoque
545 731 577 788 et
594 714 768 789 Secundus
788 709 876 801 idern
898 719 1101 806 annuissent,
1123 719 1216 792 Meo·

144 900 180 953 et
215 885 397 967 eloquentiae
431 897 550 966 paretur
582 884 632 968 (ci.
658 885 732 951 Dial.
761 884 838 968 34),
878 887 938 949 sint
964 884 1118 948 faciendae.
1163 876 1214 949 Fr.

142 972 233 1032 Hess.
256 968 287 1029 in
309 978 474 1028 commentt.
494 990 562 1028 mss.
581 966 646 1028 lect.
666 971 779 1030 iuvenes
799 973 860 1029 iam
887 980 918 1030 et
934 969 1036 1049 sarum
1056 972 1217 1044 ingressuri

143 1052 186 1114 ita
207 1050 323 1111 delendi
338 1070 426 1132 posse
446 1060 555 1124 censet,
577 1060 611 1108 ut
629 1050 729 1131 partic.
750 1054 810 1110 iam
831 1051 866 1129 acl
885 1055 999 1112 iuvenes
1016 1049 1104 1112 relata
1124 1049 1216 1113 rerba

145 1133 346 1215 triplicentur:
377 1133 491 1212 quando
517 1131 553 1191 a'd
572 1123 727 1193 iuvenilem
748 1145 867 1194 acutam
894 1134 949 1194 ianr
971 1145 1164 1216 pervenerant
1182 1143 1215 1194 et

141 1216 243 1278 forum
264 1213 425 1298 ingressuri
445 1225 536 1274 erant.
556 1247 594 1260 -·-
635 1212 713 1276 Curn⁴
732 1215 856 1275 formula
876 1217 992 1291 ingredi
1002 1215 1124 1296 fuirum,
1146 1214 1164 1276 i.
1186 1236 1211 1276 e.

141 1299 176 1359 in
195 1297 309 1358 iudiciis
329 1294 440 1357 uersari
453 1308 483 1357 et
504 1317 601 1357 causas
618 1319 721 1380 agere,
744 1298 779 1358 cs.
800 1302 843 1358 ire
861 1301 891 1358 in
904 1298 1007 1378 forum
1027 1298 1130 1374 Quint.
1145 1299 1213 1375 Vll,

142 1387 178 1458 2,
201 1384 268 1455 54,
297 1383 391 1438 uenire
414 1382 444 1436 in
464 1378 567 1457 farum
590 1376 649 1441 Cic.
672 1381 745 1461 Epp.
768 1379 1088 1458 attam.xttt,1o.;
1107 1377 1213 1459 sarum

141 1466 291 1537 attinuere
310 1463 348 1536 V,
369 1466 416 1535 8.,
437 1462 466 1518 in
478 1458 632 1538 sarronae
653 1459 744 1522 Corn.
760 1462 835 1547 Nep.
856 1460 919 1523 Cat.
942 1466 968 1522 l.
1016 1464 1019 1469 ⁴

225 1558 326 1642 Neque
339 1564 413 1619 enim
429 1556 514 1642 dum]
537 1559 629 1622 codd.
644 1559 728 1619 Fara.
743 1561 811 1640 Par.
829 1561 913 1627 Viud.
934 1560 1006 1622 Edd.
1024 1559 1100 1642 Spir.
1120 1559 1210 1620 Betk.

142 1643 243 1703 Boett.
269 1641 373 1713 Barla:
403 1642 472 1701 alum
502 1665 567 1704 curn
593 1644 659 1702 Put.
689 1641 837 1703 eiecerunt
857 1665 935 1724 seqq.
974 1645 1066 1703 Hand.
1093 1642 1210 1724 q'uidetn

141 1725 232 1790 Tuus.
252 1723 319 1788 vot.
340 1727 374 1783 ll.
395 1747 423 1805 p.
445 1729 512 1784 323.
537 1724 644 1785 'tmesin
663 1744 770 1787 nomm.
789 1725 931 1799 nandum,
953 1725 1111 1800 nihildum,
1126 1745 1211 1795 ,nea-

142 1805 214 1866 dum
238 1817 292 1866 etc.
314 1804 410 1866 locum
434 1805 537 1867 habere
565 1827 652 1888 posse
676 1818 778 1886 negat,
804 1806 883 1886 quod
910 1827 970 1867 nno
991 1818 1109 1868 accentu
1138 1827 1211 1868 con-

142 1886 310 1962 tineantur,
351 1888 465 1968 qnando
493 1888 614 1949 alterurn
643 1886 768 1948 enclitici
796 1887 887 1948 instar
912 1888 1004 1948 alteri·
1022 1888 1209 1963 subiiciatur;
1237 1955 1240 1958 Δ
1270 1905 1274 1916 ’

141 1970 197 2032 sed
231 1969 368 2051 exemplis
403 1970 562 2032 rarioribus
601 1970 716 2052 quidem
753 1969 810 2031 hoc
835 1983 1026 2052 pracceptum
1056 1968 1211 2032 refellitur.
1245 2002 1250 2009 -

142 2051 265 2112 Terent.
294 2053 396 2112 licant.
416 2056 452 2126 11,
475 2059 503 2128 1,
527 2056 572 2112 17.
606 2073 695 2134 neque
721 2057 810 2112 etiam
840 2052 908 2112 dum
937 2059 990 2114 scit
1014 2053 1110 2135 pater.
1140 2054 1209 2114 Tac.

141 2136 223 2195 Anu.
251 2136 325 2207 Xlll,
349 2141 397 2194 50.
427 2136 491 2194 acri
516 2140 604 2213 etiarp
631 2135 732 2218 papuli
756 2134 886 2195 Romani
911 2144 972 2195 tum
1000 2136 1135 2196 libertate
1162 2134 1210 2195 vtl.
1310 2182 1312 2191 ,

141 2216 242 2277 Boett.
259 2217 294 2275 dc
313 2215 363 2274 vit.
385 2227 413 2275 et
430 2217 527 2298 script.
543 2219 618 2277 Tac..
631 2241 658 2299 p.
674 2223 720 2276 85.
741 2216 828 2277 Bach.
849 2216 983 2301 Prolegg.
1004 2218 1040 2278 ad
1054 2218 1122 2278 Tac.
1140 2216 1209 2278 Vnt

137 2302 179 2358 ll.
199 2320 227 2380 p.
248 2299 416 2373 xxxta,
436 2299 485 2378 qui
505 2299 680 2382 nequedum
701 2297 777 2380 (Cic.
798 2301 871 2380 Epp.
892 2300 926 2359 ad
946 2299 1035 2360 Attio.
1057 2301 1137 2376 xtV,
1161 2304 1209 2359 10.

142 2379 235 2461 extr.)
254 2378 357 2461 accipit
375 2400 430 2461 pro
450 2381 569 2440 necdum
589 2392 617 2441 et
638 2380 680 2441 sic
700 2380 837 2461 explicat:
864 2383 1071 2462 »eloquentiam
1092 2393 1158 2442 arte
1178 2392 1207 2441 et

141 2466 268 2524 scientia
287 2461 411 2523 nondum
432 2467 571 2523 contineri
589 2462 622 2545 (i.
639 2484 672 2522 n·
685 2461 788 2540 siquis
808 2473 898 2521 artem
917 2473 946 2522 et
965 2462 1113 2522 scientiam
1134 2482 1207 2522 con·
1230 2485 1233 2495 ’
1254 2500 1257 2506 ·

143 2557 286 2625 sequutus
314 2543 369 2617 sit,
401 2566 467 2603 enm
493 2544 621 2604 nondum
650 2554 795 2604 oratorem
824 2541 902 2624 esse)
931 2544 984 2603 sed
1009 2546 1092 2618 lange
1112 2548 1208 2619 magis

134 2626 284 2708 facultate
303 2629 443 2704 contineri
467 2624 500 2705 (i.
522 2646 546 2686 e.
568 2628 619 2687 sed
639 2623 750 2685 oratori
777 2624 890 2685 dicendi
917 2626 1015 2706 potins
1043 2624 1206 2699 facultatem
1248 2639 1257 2664 ⁸

144 2722 220 2793 opus
242 2708 321 2790 esse)
349 2730 432 2768 nemu
459 2708 597 2768 dubitata
634 2709 683 2769 Fr.
703 2699 789 2768 Hcss.
809 2707 839 2767 in
861 2719 1027 2768 commentt.
1049 2730 1118 2768 rnss.
1139 2711 1206 2769 sola

143 2802 212 2852 arte
230 2790 391 2872 suspicatus
411 2801 465 2850 est.

225 2889 278 2949 sed
296 2890 380 2964 longe
401 2892 495 2963 magis
506 2884 656 2966 facultate
675 2897 704 2946 et
723 2885 744 2928 *
764 2888 955 2968 eloquentiam
974 2884 1131 2970 contineri]
1148 2886 1204 2967 sa-

145 2972 256 3032 cultate
276 2981 304 3032 et
323 2973 484 3055 eloquentia
501 2967 604 3044 codd.
619 2980 649 3030 et
670 2978 739 3029 vett.
760 2970 832 3029 Edu.
845 2967 992 3050 facultate
1012 2970 1204 3053 eloquentiam

144 3074 183 3114 ex
204 3055 316 3114 emend.
336 3054 436 3114 Rhea:
446 3074 525 3132 seqq.
566 3052 667 3127 Quum
687 3051 718 3111 iu
737 3051 880 3133 scriptura
894 3049 986 3112 Cott.
1002 3063 1031 3110 et
1045 3052 1204 3112 vortatita.

143 3139 266 3219 postet
294 3132 401 3215 aliquid
421 3135 561 3194 excidisse
587 3132 753 3207 videretur,
783 3132 862 3213 qno'd
887 3133 1066 3194 concinnitas
1087 3150 1205 3215 quoqne
1293 3159 1296 3164 ·

143 3217 287 3278 orationis
307 3216 484 3299 postularet,
512 3215 588 3277 llud.
608 3215 706 3298 Agric.
726 3215 873 3297 interponi
891 3214 985 3276 voluit
1005 3216 1204 3294 meditatione,

143 3299 333 3385 'l’yrwlrittus
354 3322 407 3359 usu
426 3297 579 3380 probatum
598 3297 711 3358 Dronk.
731 3308 761 3357 ct
782 3297 893 3373 Orell,
923 3297 1081 3379 quilutrcis
1108 3296 1203 3359 incln·
1234 3299 1238 3308 ’

146 3404 213 3442 eum
233 3381 264 3442 in
282 3382 365 3443 teitu
384 3381 497 3465 posuit,
519 3391 549 3441 ct
568 3380 615 3441 Fr.
635 3380 719 3441 Hess.
742 3378 807 3440 coll.
828 3380 930 3454 Quint.
952 3384 1014 3457 ΧΠ,
1038 3386 1067 3454 6,
1088 3383 1116 3441 4.
1159 3380 1201 3441 Et
1264 3416 1279 3459 ·.

144 3462 273 3525 Hercule
296 3465 504 3549 quantumlibet
533 3470 648 3521 secreta
680 3462 779 3520 studia
808 3464 993 3537 contuderint,
1030 3472 1073 3521 est
1104 3471 1203 3523 tamen

141 3551 279 3630 proprius
297 3547 414 3630 quidam
425 3546 493 3626 sari
505 3542 669 3626 profectus,
697 3545 760 3602 alia
779 3544 847 3618 lua,
871 3546 934 3603 alia
951 3548 1011 3603 aeri
1028 3543 1204 3615 discriminis
1285 3587 1295 3607 -.

135 3626 250 3708 facies,
279 3630 418 3711 plusque,
444 3632 473 3689 si
494 3647 628 3709 separes,
663 3640 741 3698 usus,
756 3629 818 3684 sine
847 3625 981 3686 doctrina
1010 3647 1096 3708 quam
1124 3629 1202 3685 citra

147 3733 231 3770 usum
258 3711 393 3772 doctrina
422 3712 505 3771 ualet.
552 3707 687 3767 Forsitan
713 3707 852 3768 exciderit
880 3712 907 3768 al
936 3718 1004 3789 post
1033 3718 1077 3780 et,
1112 3730 1201 3787 quum

143 3791 260 3876 legatur
278 3789 352 3854 Dial.
372 3799 420 3852 30.
440 3787 487 3869 ,ais
512 3800 541 3850 et
559 3789 722 3869 facultas,
736 3801 766 3849 et
791 3789 866 3850 infra
886 3790 914 3849 h.
935 3812 979 3871 cp.
997 3786 1141 3868 facultati
1159 3793 1201 3849 oie

109 3909 113 3916 ·
143 3877 325 3958 eloquentiae
344 3875 474 3935 accedat.
512 3871 694 3933 Klossmann.
711 3870 845 3955 Prolcgg.
866 3892 893 3954 p.
914 3874 942 3932 4.
969 3870 1132 3952 suspicatur
1152 3893 1200 3933 re·

143 3957 219 4040 spici
238 3979 254 4017 a
273 3959 406 4018 Materno
426 3957 461 4017 at
481 3953 542 4017 Cic.
561 3956 596 4015 de
616 3953 697 4014 Orat.
715 3956 739 4029 1,
759 3961 790 4028 2,
811 3958 839 4014 5.
897 3986 922 3997 .,

227 4038 275 4122 Ιιί]
296 4037 388 4101 Cocld.
407 4041 472 4099 Par.
486 4036 572 4097 vind.
591 4036 665 4097 Edd.
677 4035 753 4117 Spir.
768 4035 862 4096 Rhea.
872 4048 909 4111 ‚et
922 4047 984 4116 sqq.
999 4058 1037 4096 es.
1051 4035 1151 4100 omiss.
1168 4034 1200 4095 ia
1228 4041 1230 4047 ’

144 4120 220 4183 Etltl.
238 4123 304 4183 eun
323 4123 390 4183 ttiv.
402 4123 468 4182 Ber.
488 4119 569 4191 Ate.;
589 4120 614 4177 ii
631 4116 704 4180 Cael.
722 4118 807 4198 Farn.
835 4118 905 4179 ·.tti
917 4130 986 4180 sunt
1008 4116 1199 4202 intelligendi,

141 4204 195 4286 qui
214 4204 283 4266 baie
300 4204 429 4267 sermoni
444 4204 616 4266 intersunt«
653 4198 798 4262 Eckstein.
1039 4234 1042 4239 ·

816 4274 819 4281 ι
