2634 4656
482 253 592 347 §.aaa
616 208 792 316 xxxvia.
841 198 844 203 ⁸
1116 261 1185 322 aas

114 429 257 489 ceteram
283 436 457 513 procerum
476 435 609 480 ananum
631 404 770 479 multum
792 405 828 478 in
851 404 903 482 his
924 407 1044 484 studiis
1061 439 1184 514 operae
1215 398 1217 413 ¹

114 541 283 614 curaeque
302 510 474 612 posuisse,
500 535 560 580 nee
587 533 776 606 quenquam
801 504 866 579 illis
888 505 1094 610 temporibus
1112 543 1183 589 ma·

113 640 215 711 garam
230 604 410 712 potentiam
427 609 498 680 sine
514 607 623 706 aliqua
639 604 825 704 eloquentia
849 626 1070 684 consecutam.
1121 614 1184 688 His

114 711 296 787 accedebat
334 708 493 810 splendor
532 733 665 779 reorum
700 720 732 802 et
769 705 964 803 magnitudo
996 705 1183 805 cansarum,

113 882 184 943 dum
206 889 331 954 συκέας,
358 877 477 938 crebras
497 875 612 959 quidem
640 883 718 934 certe
737 880 912 952 sententias,
940 890 971 940 ut
995 881 1070 940 nibil
1084 892 1190 963 posset
1244 869 1246 873 ,

113 966 248 1025 ornatius
269 982 349 1034 esse,
379 961 452 1019 nibil
469 957 640 1039 expeditius.
675 956 783 1040 'Atque
803 959 849 1018 bia
864 980 972 1040 parum
992 982 1012 1022 a
1034 968 1184 1039 maqistris
1279 969 1300 1046 ‘⁸

105 1049 265 1117 institutos
292 1051 430 1103 naturam
457 1041 560 1099 babuit
585 1039 791 1099 admirabilem
817 1041 861 1100 ad
883 1042 1048 1104 dicendum.
1091 1042 1183 1107 Iado-

114 1131 221 1188 striam
242 1148 299 1185 non
318 1131 384 1184 sum'
404 1134 558 1205 expertus:
585 1121 714 1183 studium
737 1132 815 1183 certe
825 1121 896 1202 finit.
938 1125 998 1206 Qui
1015 1130 1044 1187 si
1061 1124 1107 1187 rrae
1126 1148 1183 1188 au·
1278 1188 1283 1201 .

116 1211 182 1271 dire
202 1210 352 1281 voluisset,
382 1215 413 1265 ut
436 1213 587 1284 coeperat,
616 1205 738 1263 honores
761 1225 850 1286 qoam
867 1228 944 1290 ,opes
965 1213 1101 1292 consequi
1117 1233 1184 1272 ma·
1216 1259 1219 1264 .

116 1294 226 1354 luisset.
272 1289 327 1350 vd.
355 1287 508 1348 Onomast.
533 1283 612 1357 Tull,
632 1286 664 1350 R.
684 1286 718 1345 ll.
743 1308 771 1366 p.
792 1289 861 1350 526.
895 1288 1020 1351 Ellendt.
1045 1291 1184 1378 Prolegg.

100 1373 300 1458 ·p.1txxvt.
329 1371 493 1458 Westerm.
515 1365 552 1427 G.
574 1367 601 1426 d.
623 1389 648 1425 r.
666 1368 700 1426 B.
720 1365 749 1449 ᾗ.
768 1373 816 1428 69.
1235 1393 1240 1399 ’

199 1491 252 1530 nea
275 1503 309 1515 -
332 1472 394 1528 sine
418 1469 518 1550 aliqua
538 1463 719 1548 eloquentia]
747 1466 775 1525 Ἐ
796 1464 869 1529 Cod.
886 1467 971 1526 Farn.
990 1470 1118 1532 additam
1138 1485 1186 1535 est

116 1555 247 1636 aliquae
264 1549 352 1621 Bekk.
372 1551 470 1610 Boett.
489 1546 605 1608 Walth.
626 1547 713 1608 Baeh.
729 1559 758 1608 et
773 1547 845 1626 Ritt.
887 1546 978 1611 Cuius
1000 1551 1066 1614 lect.
1092 1553 1184 1637 signi-

80 1688 84 1695 .
115 1634 215 1698 ficatio
248 1645 283 1693 nt
319 1643 400 1692 reete
435 1628 634 1714 intelligatur,
670 1628 826 1691 discrimen
861 1629 940 1691 inter
976 1632 1091 1694 sornam.
1122 1640 1185 1698 sine

118 1719 197 1792 ullo,
220 1719 358 1792 nonxsine
379 1716 479 1795 aliquo
508 1723 539 1772 et
556 1714 618 1772 sine
644 1715 724 1771 omni
742 1710 784 1773 sic
811 1724 857 1773 est
882 1716 1074 1777 statuendam.
1114 1720 1186 1780 Sine

118 1802 178 1861 ullo
206 1796 293 1859 habet
318 1797 377 1855 vim
406 1793 575 1877 negativam.
618 1790 709 1853 Corn.
734 1793 808 1874 Nep.
835 1793 971 1870 Timoth.
988 1803 1013 1859 Ι.
1041 1820 1065 1859 e.
1085 1812 1185 1864 annot.

116 1881 230 1944 llaehn.
272 1879 310 1939 ld
328 1882 390 1937 sine
411 1879 472 1936 ullo
492 1873 586 1955 (ohne
605 1872 676 1954 alle)
693 1876 809 1956 publiea
827 1878 958 1956 impensa
973 1883 1077 1961 populo
1098 1887 1185 1943 resti·

118 1970 194 2024 tuit.
221 1960 312 2041 Apud
329 1959 420 2019 Plaut.
443 1970 474 2029 et
493 1959 562 2017 Ter.
587 1960 650 2015 sine
675 1957 889 2034 omni‘vdieitur.
911 1959 994 2019 Tria.
1017 1964 1064 2037 ΙΙΙ,
1086 1970 1116 2040 Ι,
1135 1973 1185 2026 20.

117 2051 181 2108 sine
202 2047 281 2104 omrai
299 2053 373 2101 cura
400 2039 493 2122 (ohne
520 2039 586 2120 jede
606 2039 716 2120 Sarga)
744 2038 882 2101 dormias.
915 2042 1007 2103 Andr.
1028 2045 1063 2119 ΙΙ,
1085 2051 1116 2121 3,
1140 2053 1186 2109 17.

116 2133 181 2191 sine
209 2128 288 2185 omrai
309 2125 445 2206 periculo.
478 2120 574 2182 Aliter
600 2141 643 2202 ap.
673 2118 734 2181 Cic.
763 2122 799 2181 de
822 2118 905 2183 Orat.
927 2125 963 2198 ΙΙ,
987 2130 1014 2185 Ι.
1042 2132 1184 2190 neminem

118 2212 282 2293 eloquentia
298 2229 357 2266 vnon
378 2205 463 2265 niodo
489 2208 551 2263 sirie
565 2210 566 2214 ’
578 2202 692 2263 dicendi
716 2203 870 2278 doctrina,
884 2282 886 2285 .
898 2205 952 2265 sed
972 2229 1008 2266 ne
1031 2213 1090 2270 sine
1108 2204 1189 2272 aerini

137 2293 235 2353 uidem
247 2291 394 2370 sapientia
413 2279 506 2369 (olnae
526 2284 572 2346 die
587 2284 798 2346 amlassendste
817 2286 1060 2364 Gelehrsarnkeit‚
1081 2294 1185 2355 Rame-

117 2319 223 2454 loen.)
245 2371 359 2454 florere
379 2391 504 2452 unquam
527 2378 558 2427 et
572 2377 729 2448 praestare
752 2371 890 2448 potuisse.
934 2369 990 2428 Vd.
1012 2372 1186 2435 Ramshom.

80 2524 83 2530 ²
119 2457 149 2542 ᾗ.
173 2460 240 2516 159.
260 2453 328 2512 Not.
350 2458 378 2510 5.
400 2452 426 2510 d.
446 2474 474 2531 p.
495 2451 563 2509 574.
605 2448 671 2510 Non
696 2452 759 2523 sine
785 2451 881 2509 aliua
906 2447 1046 2526 affirmat,
1074 2455 1189 2520 sedita

119 2551 155 2601 ut
168 2559 215 2598 res
231 2546 281 2596 aut
295 2533 387 2593 maior
408 2545 458 2591 aut
479 2534 576 2590 minor
590 2550 654 2588 esse
668 2527 787 2589 dicatur.
802 2583 806 2589 .
820 2473 911 2590 dora.
931 2531 1005 2613 Nep.
1024 2534 1114 2598 Attia
1139 2539 1186 2600 14.
1215 2608 1217 2613 .

119 2622 223 2703 Neque
243 2637 368 2698 unquam
393 2618 455 2672 sine
481 2613 582 2695 aliqua
602 2608 696 2691 (ohne
715 2609 780 2670 eine
799 2610 940 2694 gewisse)
966 2615 1087 2676 lectione
1106 2619 1189 2700 apud
1202 2620 1221 2667 ·‘

121 2726 187 2764 eum
206 2708 360 2761 'coenatum
380 2706 431 2756 est.
452 2691 513 2755 Cic.
534 2714 578 2752 or.
596 2714 640 2775 pr.
662 2690 790 2752 Deiotar.
807 2701 834 2758 2.
858 2706 931 2761 extr.
951 2716 975 2755 e.
995 2711 1114 2760 annnot.
1127 2702 1203 2762 tte-¹

120 2784 204 2849 neck.
224 2793 323 2842 tamen
343 2778 386 2838 ad
403 2779 479 2837 bano
499 2796 620 2836 eausam
640 2795 697 2832 non
720 2778 781 2834 sine
807 2777 907 2858 aliqua
933 2775 1027 2858 (ohne
1047 2781 1112 2845 eine
1133 2782 1187 2851 be,-

120 2863 282 2946 dentende)
300 2882 352 2943 spe
378 2871 407 2920 et
427 2861 604 2934 rogitatione
628 2867 770 2938 venerunt.
812 2856 862 2918 Sia
884 2858 913 2918 h.
934 2857 953 2918 l.
973 2872 1030 2920 aton
1047 2867 1110 2924 sine
1129 2869 1188 2927 ali.

140 2952 181 3009 oa
197 2947 367 3028 eloquentia⁴
378 2941 507 3022 explica:
529 2939 609 2999 nicht
633 2938 711 2999 ohne
729 2938 793 2999 eine
808 2939 989 3010 bedentende
1002 2943 1188 3022 Beredtsam-

120 2975 191 3093 leit.
231 3026 395 3108 Oportebat
411 3020 473 3098 ebs,
489 3021 539 3102 qui
560 3019 718 3102 potentiana
734 3021 764 3080 in
785 3042 818 3081 re
838 3021 952 3103 publica
966 3028 1106 3109 consequi
1124 3030 1189 3092 vel-

121 3115 204 3186 lent,
237 3109 344 3170 valere'
361 3105 492 3185 dicendo.
541 3103 641 3163 Minus
668 3114 747 3163 recte
776 3101 975 3166 Eeksteinius:
1015 3130 1097 3171 »nam
1126 3133 1189 3175 non

123 3215 235 3258 summa
256 3208 386 3272 quaeque
412 3188 443 3247 in
464 3184 634 3265 eloquentia
649 3185 769 3266 adeptus
791 3197 868 3246 esset
889 3208 1008 3251 necesse
1028 3204 1106 3267 erat,
1135 3194 1189 3256 sed

121 3290 158 3340 nt
177 3297 238 3335 non
256 3273 341 3355 plane
360 3268 565 3330 inexercitatus
587 3279 681 3341 esset,
702 3266 929 3346 requirebatur-‚o
960 3271 1044 3333 Brut.
1063 3279 1113 3351 14,
1137 3272 1197 3340 54,

121 3362 170 3424 Ne
189 3359 223 3417 L.
247 3356 392 3415 Valerium
420 3351 535 3434 quidem
554 3347 686 3410 Potitum
709 3351 838 3410 arbitror
856 3372 920 3427 non!
934 3354 1047 3437 aliquid
1061 3363 1191 3440 potuisse

121 3439 260 3513 dicendo,
290 3439 341 3518 qui
358 3444 426 3516 post
445 3433 666 3494 decemviralem
686 3431 823 3491 inuidiam
843 3434 954 3513 plebem
976 3439 1006 3496 in
1044 3448 1126 3499 atres
1143 3445 1216 3502 in-·

110 3516 245 3588 vcitatam
272 3519 383 3594 legibus
412 3525 441 3575 et
468 3513 651 3575 concionibus
679 3517 740 3573 suis
766 3517 951 3591 mitigaverit.
987 3461 1043 3578 Vri
1063 3522 1190 3606 Herzog]

120 3607 157 3670 ad
176 3603 258 3666 Caes.
279 3601 313 3660 B.
335 3597 368 3660 C.
390 3599 440 3674 Ill,
462 3603 510 3658 73.
540 3594 785 3679 Reisig.'Vorles.
805 3595 833 3680 t}
855 3601 923 3658 201.
944 3619 969 3658 c.
986 3601 1071 3662 Hans.
1090 3617 1191 3666 annot.
1251 3597 1253 3602 ’

163 3696 179 3728 0

118 3697 190 3752 35..
201 3781 339 3864 splendor
356 3798 473 3838 reorum-
492 3783 522 3834 et
541 3773 711 3849 magnibrdo
730 3774 903 3858 causarum]
930 3799 1047 3840 reorum
1063 3740 1191 3846 elCadd.

120 3873 212 3933 Fara.
230 3863 338 3924 Vaticc.
367 3866 543 3938 receperunt
569 3854 693 3917 Seebod.
722 3857 834 3918 Dronk.
857 3860 966 3920 Osann.
989 3862 1077 3923 Bekk.
1097 3867 1190 3929 Boet-
1293 3899 1300 3909 ·

113 3952 192 4015 tiela.
218 3945 336 4007 Walth.
358 3940 445 4002 Bach.
471 3937 567 4013 Ritt.,·
590 3959 688 3998 rerum
715 3936 808 3999 Codd.
835 3941 898 4000 Par.
920 3941 1006 4002 vind.
1028 3958 1096 4007 cett.
1116 3948 1190 4011 Edd.

121 4030 258 4098 sicDial.
271 4034 319 4089 36.
340 4025 540 4086 accusationes
556 4024 716 4102 potentium
736 4042 851 4082 reorum
874 4037 1079 4088 memorantur.
1108 4030 1191 4095 Con·

120 4131 167 4179 m
189 4111 297 4184 orell„
325 4105 375 4188 qui
404 4125 501 4165 rerum
524 4102 591 4164 ideo
619 4113 738 4177 tuetur,
768 4105 848 4183 quod
872 4107 1009 4184 splendor
1029 4111 1066 4172 de
1085 4114 1190 4191 Yerre,
1246 4137 1248 4140 ⁴

121 4196 247 4264 Catilina
265 4191 386 4272 aliisque
407 4187 436 4249 id
457 4205 550 4271 genus
571 4182 629 4249 reis
643 4184 698 4254 ‚vin
716 4186 812 4268 possit
832 4186 890 4251 diei
904 4200 932 4250 et
952 4203 1055 4272 postea
1072 4215 1190 4276 quoqne
