2634 4656
550 232 628 339 cip.
649 257 761 320 XVII.
1132 258 1194 318 105

113 415 232 511 vigi'nti
260 412 339 486 anui
365 411 408 484 ab
435 411 577 485 interitu
609 409 779 484 Ciceronis
808 411 843 482 in
870 411 959 484 hnnc
989 410 1076 483 diem
1104 409 1195 484 colli-

98 531 264 610 vguntur,
297 512 397 584 unius
424 511 568 584 hominis
595 527 693 583 33133.
749 511 834 581 Nam
866 510 939 610 ipse
973 538 1036 605 ego
1061 510 1094 581 13
1121 511 1198 582 Bri-

115 612 230 684 taunia
257 611 481 698 31133333,
519 609 576 710 qui
609 636 645 681 se
676 608 844 680 fatebatur
876 610 1071 709 eipngnae
1095 609 1198 682 inter-

109 710 242 803 fuisse,
279 737 346 808 qua
379 710 553 782 Caesarem
587 707 782 780 inferentem
807 735 898 780 arma
929 709 1121 781 Britanniae
1145 735 1200 781 ar·

96 821 193 881 'rere
228 807 396 880 littoribus
429 825 460 880 et
491 807 614 907 pellere
649 806 798 902 aggressi
829 825 917 884 suut.
977 808 1025 878 Ita
1056 808 1084 880 si
1111 834 1198 896 eum,

118 907 179 1007 qui
216 923 361 980 armatus
391 908 428 979 C.
455 907 589 979 Caesari
617 906 753 993 restitit,
790 905 840 978 vel
868 907 1038 1006 captivitas
1066 905 1118 980 rel
1142 934 1200 977 vo·
1266 999 1269 1010 Ι

118 1069 340 1234 3333333363.
364 1075 434 1135 Alio
458 1096 547 1135 seusu
575 1075 686 1158 legitur
714 1074 777 1135 Liv.
800 1079 904 1151 XXVI,
926 1080 974 1135 38.
1004 1097 1067 1135 rem
1087 1075 1202 1135 Roma·

119 1178 191 1216 num
224 1177 317 1215 overe.

205 1250 321 1309 rentum
341 1248 370 1296 et
390 1241 491 1313 uiginti
510 1241 581 1296 anni
601 1238 638 1297 ab
655 1241 774 1296 interitu
796 1239 946 1298 Ciceronis
968 1242 998 1297 in
1019 1238 1096 1296 Ituna
1120 1236 1198 1295 diem

120 1316 327 1400 colliguntur]
354 1317 447 1380 Codd.
470 1322 556 1379 Farn.
580 1319 673 1378 Vatic.
699 1324 786 1379 1518.
828 1320 902 1378 Edd.
925 1331 993 1401 post
1013 1318 1150 1392 Puteal,
1171 1317 1204 1378 in

143 1423 178 1461 ua
200 1401 256 1460 iam
277 1421 362 1460 error
389 1399 483 1461 Codd.
505 1400 614 1460 Vaticc.
640 1406 727 1460 1862.
747 1404 836 1460 4498.
858 1403 921 1459 Ρ33.
942 1401 1028 1459 Vind.
1050 1401 1103 1459 Ed.
1124 1399 1203 1478 Spir.

122 1423 157 1543 C.
181 1484 217 1541 X.
244 1494 396 1543 correctus
420 1493 472 1541 est.
514 1483 570 1540 Vd.
595 1481 670 1542 Dial.
693 1485 742 1541 24.
773 1504 859 1563 quum
878 1485 1056 1561 praesertim
1087 1491 1202 1540 centum

122 1575 152 1625 et
174 1566 277 1638 viginti
295 1584 387 1623 annos
408 1565 446 1622 ab
466 1568 587 1622 interitu
609 1563 757 1621 Ciceronis
782 1567 811 1620 in
831 1564 906 1621 launo·
926 1564 1004 1621 diem
1026 1560 1105 1641 affici
1124 1564 1205 1622 ratio

123 1656 289 1726 temporum
309 1646 466 1719 collegerit.
510 1646 616 1704 Sextus
646 1649 742 1703 antem
763 1664 856 1703 annus
884 1644 1063 1724 principatus
1093 1646 1206 1723 Vespa-

122 1727 198 1789 siani
214 1739 260 1785 est
276 1747 300 1784 3.
316 1725 376 1786 Cal.
391 1727 442 1786 131.
460 1748 483 1785 3.
500 1727 633 1785 LXXIV.
648 1747 743 1804 usqne
757 1725 793 1783 ad
812 1723 872 1784 Cal.
890 1725 944 1784 Iul.
961 1747 985 1785 3.
1001 1726 1119 1783 LXXV.
1160 1726 1207 1783 Ex

123 1829 209 1868 ruore
229 1807 417 1887 computandi
444 1808 583 1869 Romanis
611 1807 719 1866 usitato
748 1807 868 1886 proprie
897 1818 967 1865 sunt
996 1806 1064 1864 anni
1084 1803 1207 1865 CXVIII

123 1890 172 1951 331
197 1911 233 1948 ex
255 1901 359 1948 nostro
380 1910 462 1948 more
482 1890 550 1948 anni
572 1887 698 1962 CXVII,
720 1909 835 1947 menses
858 1890 891 1946 II.
914 1900 944 1948 et
965 1887 1025 1947 dics
1046 1888 1107 1961 XI,
1130 1886 1228 1947 sicut

124 1971 279 2032 annotavit
299 1970 411 2044 Orell,
439 1982 473 2029 ut
495 1969 577 2030 CXX
610 1970 736 2029 efficiant
763 1991 917 2028 numerum
940 1968 1103 2029 summatim
1124 1978 1208 2028 com·

124 2053 324 2134 prehensum,
344 2073 403 2131 quo
424 2053 542 2112 Tacitus
563 2052 593 2110 in
610 2053 720 2111 maiore
741 2073 864 2111 numero
888 2052 932 2110 uti
945 2051 1029 2110 solet.
1065 2049 1210 2124 Colligere

124 2135 221 2199 rarius
243 2145 289 2192 est
310 2133 340 2190 iu
356 2135 551 2213 computando
561 2157 576 2193 :.
591 2134 727 2193 German.
750 2141 799 2192 37.
838 2133 888 2192 Ean
903 2157 959 2216 quo
980 2137 1008 2192 si
1022 2132 1064 2191 ad
1082 2133 1209 2191 altarum

125 2217 321 2296 Imperatoris
345 2214 470 2273 Traiani
496 2217 678 2275 consulatum
690 2226 906 2294 computemur,
929 2217 1047 2274 ducenti
1058 2211 1157 2292 farma
1181 2222 1211 2273 31

126 2297 229 2357 elecem
258 2300 330 2353 anni
351 2298 533 2370 colliguntur.
581 2297 655 2357 Plin.
684 2298 722 2355 H.
743 2297 779 2356 N.
802 2299 879 2370 XIII,
905 2303 953 2370 13,
975 2303 1024 2356 27.
1065 2295 1117 2354 Aa
1136 2315 1209 2378 quos

127 2376 298 2461 (consules)
316 2397 335 2435 a
353 2399 442 2451 regnu
458 2378 575 2437 Numae
596 2381 771 2452 colliguntur
793 2382 866 2435 anni
882 2379 1035 2438 DXXXV.
1077 2377 1122 2436 Ne
1143 2375 1212 2455 quis

126 2471 224 2520 autem
245 2458 379 2531 miretur,
407 2466 466 2517 120
481 2480 573 2518 33333
590 2471 711 2518 aetatem
727 2459 815 2517 unius
837 2459 964 2523 huminis
985 2458 1053 2531 dici,
1078 2457 1212 2516 conserat

127 2541 230 2624 Agric.
252 2543 313 2611 44,
333 2539 390 2616 ubi,
404 2539 563 2621 Agricola,
587 2540 637 2619 qui
658 2539 783 2599 excessit
805 2551 888 2598 sexto
910 2550 938 2599 et
962 2538 1091 2618 quinqua
1115 2536 1212 2597 esimo

128 2620 218 2694 3333,
239 2621 336 2680 medio
358 2621 387 2679 in
404 2621 497 2702 333113
515 2622 645 2703 integrae
661 2620 761 2680 aetatis
778 2632 896 2701 ereptus
915 2620 1030 2680 dicitur.
1064 2561 1119 2677 Vi.
1137 2618 1214 2678 Plin.
1239 2654 1243 2661 ·

128 2704 168 2763 fl.
184 2703 221 2762 Ν.
237 2704 301 2776 VII,
311 2706 358 2762 48.
381 2702 531 2782 despatio
553 2715 583 2762 ct
603 2701 816 2784 longinquitate
837 2701 913 2761 vitae
935 2701 1087 2760 hominurn
1112 2720 1213 2759 exem-

128 2782 176 2866 pla
196 2782 332 2843 asserens.
352 2784 536 2866 Wesseling.
556 2785 591 2844 ad
602 2784 745 2844 Herodot.
769 2785 791 2856 I,
816 2789 882 2844 162.
904 2805 957 2843 333
977 2782 1004 2840 h.
1023 2782 1041 2840 1.
1060 2782 1215 2848 immemor

130 2865 315 2946 suspicatur,
350 2865 525 2945 scriptorem
553 2865 659 2948 dialogi
684 2865 849 2946 respexisse
881 2866 917 2925 ad
946 2876 1069 2925 aetatem
1098 2864 1216 2947 Argan-

128 2945 245 3019 thonii,
268 2946 303 3004 de
325 2965 384 3023 quo
405 2946 452 3005 vd.
468 2942 535 3006 Cic.
557 2947 592 3006 de
610 2949 726 3007 Senect.
751 2952 797 3006 19.
853 2977 855 2981 ⁷

215 3030 276 3108 ipsa
297 3061 337 3070 -
356 3024 472 3109 senem]
494 3029 600 3088 Senem
613 3049 685 3088 vero
702 3028 783 3087 illum
811 3027 868 3087 nisi
896 3040 965 3109 post
985 3049 1009 3087 3.
1033 3033 1103 3086 800.
1123 3026 1163 3086 U.
1181 3020 1216 3086 G

129 3108 162 3170 in
182 3106 334 3168 Britannia
352 3108 453 3169 videre
472 3130 533 3168 non
552 3109 667 3191 potuit,
687 3122 722 3169 ut
740 3106 826 3168 Brotss
844 3108 1004 3168 annotavit.

205 3192 365 3274 fatebatur
386 3229 422 3239 —
452 3201 568 3272 agressi
593 3193 676 3277 sunt]
719 3194 877 3274 fatebatur
905 3194 979 3256 Cod.
1008 3197 1094 3255 Fam.
1107 3249 1112 3257 ,
1125 3189 1217 3253 Beltk.

131 3276 215 3336 Β611.
239 3274 450 3337 watinum.
473 3278 561 3337 Bach.
574 3275 727 3354 fateretur
749 3277 780 3335 in
802 3289 868 3336 cett.
888 3273 981 3337 Codd.
1003 3288 1032 3336 et
1049 3275 1122 3335 Edd.
1146 3275 1218 3336 Bri·

132 3360 234 3418 tannis
262 3357 336 3419 3Βὶ
360 3401 366 3414 .
393 3369 502 3418 temere
528 3369 705 3438 receperunt
734 3357 867 3418 Oberlin.
891 3371 921 3418 et
943 3359 1123 3417 Liinemanu.
1162 3356 1219 3415 Est

132 3437 251 3524 synesis
280 3379 434 3519 implicita,
459 3461 520 3520 ¹qua
548 3439 765 3498 substantivum
788 3460 823 3498 ex
853 3440 982 3499 anteced.
1004 3460 1070 3499 voc.
1098 3439 1220 3498 ductum

132 3533 181 3580 331
202 3519 462 3596 substituendum,
485 3515 575 3581 'cuius
606 3519 737 3600 exempla
759 3520 878 3602 collegit
909 3521 1027 3580 Ramslr.
1050 3519 1077 3602 §.
1098 3525 1168 3580 206.
1188 3521 1218 3580 4.

133 3606 162 3662 6.
181 3598 268 3675 Caes.
291 3601 326 3659 B.
350 3598 384 3660 C.
415 3604 438 3676 l,
467 3608 515 3662 39.
564 3602 713 3662 Domitius
742 3604 862 3661 nauibus
892 3604 1060 3662 Massiliam
1088 3602 1221 3682 peruenit

133 3692 224 3765 atque
240 3681 279 3740 36
294 3684 332 3740 iis
346 3694 480 3765 receptus
498 3683 564 3742 urbi
597 3681 750 3762 raeficitm
764 3683 832 3763 ibiq.
842 3684 969 3766 Herzog.
979 3683 1042 3741 Lir.
1052 3682 1220 3758 XXXVIII,
1273 3687 1279 3696 '

132 3769 185 3825 29.
206 3771 347 3846 quattuor
368 3785 480 3824 menses
495 3707 673 3824 obsidionem
691 3765 782 3823 Sama
803 3767 956 3831 sustinuit‚·
977 3786 1062 3846 quum
1085 3783 1123 3820 aa
1142 3764 1221 3842 pau-

133 3849 176 3907 cis
199 3844 309 3903 cotidie
331 3845 423 3926 aliqui
449 3867 550 3905 curum
572 3847 713 3906 caderent
732 3845 800 3924 ibiq.
824 3845 970 3904 Drakenb.
992 3843 1110 3903 Sallust.
1135 3842 1220 3904 Catil.

134 3931 185 3986 39.
206 3925 276 4004 ibiq.
297 3924 388 3983 Kritz.
410 3927 463 3985 Iul.
484 3926 591 3988 Caesar
613 3949 638 3986 3.
661 3933 718 3986 699
743 3938 773 3986 31
794 3932 853 3984 700
875 3947 940 3985 cum
957 3925 1087 3986 exercitu
1103 3925 1222 3985 Britan-

99 4036 102 4046 ¹
134 4007 213 4067 niam
242 4005 395 4088 ingressus
423 4029 483 4067 non
510 4009 588 4068 ultra
619 4006 755 4068 Cantium
783 4009 937 4088 processit.
974 4007 1030 4068 Vd.
1051 4007 1150 4092 Agric.
1174 4012 1221 4067 13.

133 4088 207 4168 ibiq.
231 4089 391 4229 3331333333
423 4089 582 4171 aWaIch.
604 4090 733 4170 311133.
756 4086 897 4150 laudatos.
946 4085 1031 4151 Caes.
1050 4090 1085 4150 Β.
1110 4091 1148 4151 G.
1168 4075 1221 4164 tv,

135 4174 282 4232 ffl*ffi
333 4171 489 4249 Η-Ἀ.
1063 4224 1070 4238 ,
