2634 4656
194 278 258 340 178
514 272 673 353 Dialogus
693 268 733 331 de
756 269 942 332 Oratoribus

193 424 444 530 compositionis
470 423 681 499 histrionales
699 415 825 499 'umdos
852 422 1046 525 exprimant.
1098 419 1270 520 Quodque

192 530 246 602 vix
266 526 382 601 auditu
408 525 460 596 sas
482 550 556 598 esse
580 524 721 615 debeat,
746 523 856 596 laudis
880 539 914 595 et
937 520 1065 619 gloriae
1088 536 1124 594 et
1144 519 1270 616 ingenii

190 695 352 779 praedulce
379 691 454 754 illud
476 711 569 767 genus
592 704 622 754 et
645 691 806 773 puerilibus
829 692 953 765 ingeniis
975 689 1032 749 lios
1048 692 1186 764 gratim,
1216 708 1268 771 quo

189 781 310 861 propius
330 784 391 850 est,
413 772 562 833 adornent.
578 773 618 847 Χ,
638 779 665 848 1,
686 774 735 833 43.
766 775 842 832 olios
859 792 958 832 recens
978 770 1054 828 lroec
1075 772 1202 829 lascivio
1220 768 1268 828 de·

193 862 280 919 licioe
300 878 336 916 ue
351 866 380 914 et
400 858 499 914 omnia
513 855 557 913 ud
570 857 746 937 uoluptatem
760 853 954 914 multitudinis
974 855 1130 934 imperitae
1152 872 1267 934 compo-

191 945 252 1001 sita
267 882 424 998 illectant.
450 936 586 995 Luscinio
602 935 647 1017 (ni
663 941 831 1014 μειρακιῶδες
841 969 877 980 -
888 935 979 1012 νεαρόν
989 968 1027 981 -
1034 934 1151 1014 puerile
1165 932 1215 994 vd.
1234 932 1267 991 de

191 1021 242 1081 th.
265 1042 312 1080 vv.
332 1019 403 1078 Ern.
423 1017 512 1076 Lexx.
533 1017 661 1079 technol.
680 1019 789 1078 Graec.
806 1029 836 1076 et
851 1014 929 1096 Lat)
949 1036 965 1075 a
984 1013 1160 1073 rhetoribus
1181 1035 1267 1073 usur·

190 1114 289 1184 patum
311 1111 373 1172 est,
394 1110 429 1157 ut
447 1097 632 1179 ingeniorum
654 1098 737 1158 lusus
758 1097 960 1177 luxuriamque
980 1095 1193 1178 significarent,
1214 1115 1267 1174 qua

191 1179 328 1254 nonnulli
348 1179 507 1261 scriptores
528 1179 575 1239 vel
597 1192 729 1240 oratores
750 1179 781 1237 in
798 1180 928 1239 ornanda
947 1176 1181 1257 expoliendaqne
1203 1197 1267 1235 ora-

189 1264 272 1324 tione
298 1262 417 1321 modum
438 1261 578 1320 excedere
608 1260 758 1336 solebant,
784 1260 884 1320 fucum
906 1271 937 1319 et
954 1259 1104 1341 pigmenta
1122 1256 1267 1339 pueriles-

190 1367 248 1426 que
269 1344 426 1427 figurarum
448 1341 530 1402 lusus
551 1364 608 1422 pro
631 1363 704 1403 vero
724 1341 865 1423 gravique
892 1353 1017 1416 ornatu,
1045 1338 1268 1425 redundantiam

189 1426 311 1488 effusam
339 1423 516 1505 procopia,
546 1445 685 1484 numeros
713 1422 817 1483 molles
846 1421 1088 1501 effeminatosque
1117 1441 1174 1501 pro
1197 1441 1267 1480 con·

189 1507 327 1569 cinnitate
353 1504 540 1579 affectantes,
570 1517 605 1564 ut
631 1505 706 1565 bene
734 1504 857 1586 explicat
877 1505 949 1562 Ern.
978 1525 1002 1563 s.
1028 1505 1166 1561 lascivire
1187 1513 1219 1560 et
1238 1500 1268 1561 in

189 1599 344 1648 comment.
371 1589 392 1645 1.
420 1586 456 1647 de
482 1587 578 1647 luxur.
601 1599 706 1668 etc.'p.
726 1593 776 1648 20.
805 1585 909 1673 Quint
930 1586 982 1660 tx,
1003 1586 1035 1661 4,
1054 1589 1105 1644 28.
1130 1582 1168 1643 de
1188 1583 1267 1643 Mae-

188 1681 297 1731 cenate.
813 1707 817 1716 ·
1113 1704 1117 1709 .

271 1752 390 1809 leritute
416 1747 644 1831 sententiarum]
678 1749 799 1811 Levites
826 1730 1034 1808 sententiosum
1062 1744 1081 1805 i.
1111 1767 1139 1843 q.
1168 1746 1268 1819 leuiter

189 1832 307 1892 dicendi
323 1832 417 1906 genus
434 1842 479 1911 ap.
502 1831 605 1906 Quint.
630 1832 668 1906 X,
691 1837 722 1905 3,
743 1835 812 1906 tt,
840 1829 921 1909 quod
948 1827 1267 1911 Spalding.1nterpre·

188 1926 269 1974 tatur
288 1911 465 1994 negligentia
485 1924 677 1993 corruptum,
706 1934 805 1971 rernm
825 1911 957 1992 pondere
978 1932 1096 1981 carens;
1125 1910 1194 1986 1111,
1220 1914 1267 1995 ψ,

190 2001 238 2054 73.
258 2016 349 2068 genus
370 1993 504 2066 dicendi,
524 1994 601 2074 quod
617 1995 776 2074 puerilibus
796 1994 973 2053 sententiolis
994 1994 1116 2051 lascivit.

269 2076 388 2132 licentio
412 2072 643 2215 'compositionisg
671 2074 807 2133 Licentia
827 2074 957 2133 refertur
975 2074 1010 2132 ad
1033 2069 1265 2147 orationem‚in

189 2176 245 2235 qua
267 2166 368 2213 orator
386 2153 432 2213 vel
454 2152 583 2234 scriptor
599 2155 623 2214 si
645 2154 789 2213 inimium
812 2152 966 2238 indulgens
988 2154 1067 2236 leges
1089 2170 1120 2214 et
1139 2173 1265 2213 consue·
1300 2156 1303 2162 ’

188 2235 320 2296 tudinem
339 2234 480 2315 loquendi
499 2233 612 2316 migrat.
654 2233 699 2295 Cs.
720 2234 782 2297 Cic.
802 2237 886 2296 Brut.
908 2242 959 2313 91,
981 2242 1050 2296 316.
1073 2234 1181 2310 Quint.
1202 2234 1264 2309 1111,

190 2321 241 2393 10,
267 2322 315 2376 73.
346 2337 437 2392 genus
464 2316 595 2392 dicendi,
632 2317 711 2400 quod
738 2351 776 2363 -
805 2319 954 2378 verborum
981 2319 1098 2377 licentia
1127 2318 1264 2375 exsultat.

189 2401 242 2474 lx,
264 2400 295 2472 4,
317 2402 344 2458 6.
365 2398 545 2480 quorundam
563 2402 593 2457 in
614 2402 748 2458 oratione
767 2402 859 2458 simili
880 2420 975 2480 poene
1004 2397 1127 2458 licentio
1149 2397 1265 2457 luscini-

189 2484 306 2540 entium.
349 2480 429 2555 Quid
453 2479 491 2540 sit
519 2483 708 2561 conpositio,
738 2480 862 2561 explicat
890 2480 1000 2561 optime
1022 2479 1128 2555 Quint.
1148 2479 1204 2553 tx,
1225 2482 1263 2552 4.,

189 2561 272 2622 cuius
293 2572 355 2620 tres
373 2572 443 2621 sunt
461 2573 558 2642 partes
580 2562 673 2637 ordo,
695 2560 882 2639 coniunctio,
904 2582 1063 2637 numerus3
1083 2578 1159 2642 quae
1182 2557 1265 2621 debet

189 2664 254 2714 esse
276 2642 399 2702 honesta
419 2643 563 2717 iucunda,
584 2643 663 2704 varia
683 2642 721 2702 ib.
743 2642 771 2725 ξ.
795 2647 862 2704 147.

270 2725 457 2782 laistrionoles
485 2725 587 2783 modos
605 2722 808 2864 'exprimantp'
832 2723 946 2797 Adiect.
973 2724 1158 2783 histrionalis
1184 2721 1262 2785 solus

188 2802 308 2862 Tacitus
329 2803 374 2863 bis
398 2817 513 2883 practer
534 2805 561 2863 h.
582 2805 601 2863 l.
623 2828 694 2866 usus
717 2816 762 2865 est
811 2804 856 2864 ial.
871 2811 910 2866 29
931 2816 961 2864 et
981 2805 1059 2864 Anu.
1079 2807 1103 2880 1,
1126 2810 1174 2864 16.
1220 2806 1263 2865 De

190 2905 223 2944 re
244 2883 280 2943 ci.
295 2883 369 2943 Dial.
384 2891 432 2945 20.
453 2886 543 2967 Lang.
559 2886 665 2946 vindic.
678 2898 751 2968 trag.
769 2889 853 2946 Rom.
870 2910 897 2966 p.
915 2892 963 2946 35.
979 2887 1125 2968 (Opuscc.
1140 2907 1170 2966 p.
1187 2883 1263 2967 69.):

190 2967 314 3049 »Severa
340 2965 404 3048 lege
427 2987 442 3025 a
462 2967 608 3050 magistris
635 2965 819 3048 eloquentiae
839 2980 973 3044 cantum,
1004 2989 1041 3027 ne
1062 2989 1114 3027 sua
1135 2989 1184 3027 ars
1205 2986 1265 3027 sce·

191 3046 284 3106 nicam
312 3046 435 3126 aliquam
463 3070 589 3129 spectem
616 3071 686 3131 prae
717 3069 749 3108 se
774 3049 875 3109 ferret.
913 3048 973 3109 Cic.
1001 3049 1037 3108 de
1066 3049 1150 3107 Orat.
1173 3048 1198 3124 1,
1219 3050 1264 3108 59.

192 3131 243 3201 111,
263 3132 312 3187 59.
343 3126 474 3202 01661,
498 3133 546 3188 36.
573 3130 657 3189 Brut.
680 3136 728 3189 88.
757 3129 823 3190 coll'.
845 3129 922 3190 Gen.
942 3131 980 3190 N.
1000 3131 1035 3189 Α.
1056 3129 1079 3206 1,
1101 3134 1129 3188 5.
1161 3128 1264 3205 Quint

192 3211 216 3283 1,
241 3212 290 3283 11,
310 3213 340 3271 3,
372 3210 423 3284 Vl,
447 3213 474 3282 1,
496 3214 544 3270 38.
575 3211 625 3282 Xl,
648 3216 678 3285 3,
698 3214 748 3271 57.
778 3216 844 3271 103.
874 3216 942 3271 123.
970 3211 1086 3292 Dialog.
1115 3210 1152 3270 de
1174 3230 1265 3271 sauss.

194 3308 271 3349 corr.
294 3288 369 3366 cloq.
391 3310 434 3368 cp.
458 3296 506 3350 26.
552 3291 641 3350 lidem
667 3290 853 3371 improbant,
880 3293 961 3372 quod
985 3292 1168 3373 tragicorum
1195 3310 1263 3373 por-

129 3438 132 3446 ,
193 3379 274 3428 tenta
297 3369 331 3427 ad
353 3370 498 3429 oratoriae
517 3373 588 3432 artis
612 3374 872 3433 commentationes
892 3374 1074 3434 advocentur
1093 3372 1130 3433 cl.
1151 3371 1264 3455 Dialog.

194 3471 237 3530 cp.
259 3454 307 3507 35.
327 3450 446 3508 Petron.
467 3471 490 3510 c.
514 3457 540 3512 1.
569 3465 599 3512 et
618 3455 785 3536 iuterprett.
804 3455 840 3515 ad
862 3456 962 3516 iuven.
985 3456 1050 3533 vlt,
1074 3458 1159 3515 150.«
1188 3456 1265 3516 We-

192 3540 291 3593 sterm.
314 3529 351 3589 G.
376 3530 443 3589 dr.
464 3532 498 3591 B.
518 3531 547 3615 ᾗ.
567 3538 617 3594 58.

277 3614 325 3670 oin
345 3611 449 3670 auditu
470 3611 526 3691 sas
552 3635 614 3674 esse
634 3612 756 3698 deleat]
795 3613 840 3677 Cl.
863 3616 900 3677 de
925 3616 980 3677 bae
1000 3626 1149 3676 structura
1169 3613 1265 3699 supini

194 3692 276 3752 Reisi
298 3737 304 3750 .
324 3693 441 3753 Vorles.
461 3693 489 3776 §.
507 3698 595 3772 443,
617 3712 744 3776 quocum
764 3697 901 3757 dissentit
921 3699 1006 3758 Haas.
1025 3698 1056 3756 in
1077 3709 1179 3757 annot.
1198 3702 1264 3758 598.

197 3833 201 3839 ,
276 3715 374 3832 laudis
395 3784 424 3832 et
442 3774 573 3872 gloriae]
596 3775 760 3838 Coniuncta
780 3791 894 3838 exstare
915 3779 986 3839 haec
1005 3799 1174 3864 synonyma
1193 3777 1265 3839 Dial.

193 3853 242 3912 41.
261 3855 337 3914 Hist.
359 3856 411 3930 lv,
434 3859 480 3916 14.
502 3858 605 3932 Quint.
627 3860 661 3932 ΙΙ,
684 3864 732 3933 16,
757 3864 801 3918 19.
823 3862 886 3931 Vll,
902 3866 932 3933 3,
951 3866 998 3920 11.
1019 3860 1172 3920 annotavit
1190 3858 1265 3920 Eclt·

193 3932 300 4074 εῑεῐῖιι.ἆ
324 3935 496 4014 frequenter
520 3939 596 4019 apud
625 3937 686 4000 Cic.
716 3941 868 4001 Wundir.
898 3941 934 4000 ad
962 3961 1005 4000 or.
1032 3942 1198 4021 pn'Planc.
1219 3945 1265 4001 36.

188 4035 208 4095 P
275 4098 385 4169 ingenii
409 4097 470 4157 loco
490 4099 620 4182 plerique
646 4100 776 4184 iactant]
814 4103 918 4177 Quint.
945 4105 983 4179 11,
1013 4108 1062 4179 12,
1092 4109 1121 4162 7.
1162 4103 1267 4184 Itaque

190 4177 334 4251 ingeniosi
352 4190 501 4255 vocentur,
530 4182 668 4257 utlibet,
697 4183 765 4243 dum
788 4192 889 4245 tomen
908 4194 1035 4262 constet,
1062 4185 1267 4246 contumeliose

71 4274 224 4360 A·
