2634 4656
500 263 787 353 caunas„
935 302 964 347 „
1143 269 1191 332 ss
1275 282 1289 307 ι’

99 431 274 487 oratorum
302 415 583 490 similiororatio.
643 422 700 493 Me
725 448 825 510 vero,
860 419 987 519 inquit,
1022 438 1055 495 et
1079 448 1190 496 sermo

100 514 178 614 ipsc
200 513 330 612 infinita
353 514 520 616 voluptate
551 517 737 608 affecisset,
769 537 868 619 atque
894 520 930 591 id
962 521 1073 620 ipsum
1099 521 1191 618 dele·

102 629 182 700 ctat‚
211 613 304 712 quod
320 641 391 700 vos,
417 615 479 687 viri
498 617 620 716 optimi
646 635 678 691 et
698 636 885 719 temporum
906 638 1096 691 nostrorum
1114 648 1191 692 ora·

102 728 222 799 tores‚·
250 740 317 785 noo
345 713 538 787 forensibus
564 733 690 789 tautum
724 719 867 813 negotiis
900 735 933 789 et
956 717 1191 792 declamatorio

104 811 369 917 stodioingeoia
395 831 500 886 vestra
527 817 697 906 exercetis,
722 817 784 889 sed
808 816 1094 890 eiusmodittiam
1120 818 1192 891 dis-

107 976 159 1043 tau
179 991 214 1057 et
231 983 388 1060 deterrita
410 982 531 1044 Graecis
560 960 743 1065 usurpantur
766 986 814 1045 vd.
834 986 950 1046 Ernest.
972 986 1041 1045 Lex.
1062 984 1191 1047 technol.

106 1060 164 1123 Gr.
194 1083 218 1121 s.
249 1063 295 1122 r'v.
324 1075 354 1122 et
381 1064 444 1122 Lat.
475 1087 498 1124 s.
526 1067 630 1124 laetus.
667 1065 781 1148 Dialog.
800 1075 849 1127 20.
877 1069 994 1126 laetitia
1016 1078 1045 1126 et
1062 1068 1192 1150 pulclrri-

107 1142 194 1204 tudo·
207 1148 367 1217 orationis,
398 1167 442 1225 cp.
469 1151 519 1206 21.
540 1148 657 1206 laetitia
677 1150 809 1230 nitorque
835 1161 999 1209 nostrorum
1020 1159 1192 1230 temporum,

107 1245 153 1306 cp.
168 1222 296 1285 22'loci
316 1228 462 1297 laetiores,
483 1248 528 1307 cp.
552 1233 600 1286 23.
623 1229 788 1288 laetissima
810 1251 948 1314 quaeque.
970 1229 1031 1294 Cic.
1046 1232 1091 1290 *de
1110 1230 1193 1291 Orat.
1296 1248 1299 1256 ’

107 1307 133 1380 Ι,
156 1309 205 1379 18,
227 1312 275 1365 81.
298 1309 409 1366 laetum
427 1329 519 1381 genus
541 1309 701 1367 rerlrornm.
722 1298 797 1369 Plin.
818 1312 892 1391 Epp.
914 1313 963 1383 ΙΙΙ,
986 1316 1035 1384 18,
1060 1317 1106 1370 10.
1128 1313 1193 1370 Iae-

108 1390 170 1447 tior·
197 1389 291 1447 stilus.
330 1388 376 1447 De
401 1389 529 1448 discrim.
558 1387 691 1449 adiectis.
714 1393 827 1451 audens
847 1405 876 1452 et
896 1393 1000 1451 audam
1019 1392 1057 1452 cl.
1075 1391 1193 1453 Ruunt.

108 1467 213 1529 Schol.
231 1469 267 1528 ad
288 1469 370 1528 Suet.
392 1468 475 1530 Caes.
497 1477 545 1530 58.
567 1471 707 1530 D'oedcrl.
727 1473 788 1532 Lat.
809 1474 883 1556 Syn.
905 1472 971 1532 Vol.
998 1475 1033 1529 V.
1054 1495 1083 1553 p.
1105 1479 1192 1544 2584

108 1550 224 1609 audens
249 1549 344 1610 rarius
376 1551 412 1611 de
438 1551 528 1612 rebus
558 1550 681 1612 dicitur:
714 1575 780 1637 spes
804 1555 962 1613 audentior
981 1553 1078 1633 Ualen.
1101 1553 1194 1615 Flacc.
1291 1558 1293 1562 ⁴

109 1632 163 1707 tv,
183 1633 255 1691 284.
287 1623 293 1635 ’
382 1660 386 1671 .

192 1722 244 1787 Me
261 1749 352 1802 uero,
374 1731 467 1811 inquit
487 1728 543 1812 (sc.
564 1728 731 1812 Messalla),
760 1742 790 1790 et
809 1753 904 1791 sermo
929 1735 991 1813 ipse
1011 1728 1128 1811 infinita
1146 1752 1196 1791 oo·

109 1810 224 1906 luptate
240 1807 406 1893 affecisset]
430 1811 556 1893 Supple:
581 1812 605 1871 si
627 1811 768 1873 maturius
790 1824 892 1872 vestro
912 1812 1042 1873 sermoni
1064 1808 1199 1873 interve-¹

108 1911 238 1955 nossem„
1013 1922 1016 1927 <
1199 1945 1205 1957 ,

195 1976 252 2047 riri
268 1976 372 2056 optimi
391 1986 420 2055 et
439 1986 600 2056 temporum
621 1985 785 2034 nostrorum
803 1971 957 2054 oratores]
977 1972 1113 2034 Messalla
1124 1971 1196 2032 ami·

111 2073 164 2114 cos
187 2075 258 2113 suos
281 2056 408 2134 optimos
431 2056 512 2115 viros
535 2055 660 2136 appellat
681 2078 725 2135 cp.
748 2061 795 2114 30.
837 2057 888 2114 lta
909 2059 986 2114 enim
1008 2067 1067 2128 est,
1095 2057 1199 2136 optimi

113 2137 185 2203 eiri‚·
206 2143 251 2214 cp.
270 2137 318 2195 41.
348 2136 476 2208 Credite,
497 2141 599 2219 optimi
619 2148 647 2194 et
668 2141 697 2195 in
711 2148 850 2219 quantum
864 2160 935 2217 opus
954 2149 997 2198 est
1013 2138 1200 2196 disertissimi

114 2219 176 2296 rirrj.
219 2216 334 2275 Deinde
356 2219 515 2277 tenendum
536 2229 601 2292 est,
622 2231 756 2279 oratores
777 2241 842 2277 cum
865 2218 894 2276 vi
916 2218 1045 2303 positum
1066 2238 1143 2289 csse,
1162 2229 1198 2276 ut

113 2308 196 2361 recte
222 2296 367 2377 explicant
387 2301 551 2358 Heumann.
574 2311 604 2357 et
624 2299 793 2379 Wopkens.
817 2299 963 2361 Observv.
985 2297 1106 2358 miscell.
1130 2297 1198 2357 Vol.

113 2379 182 2459 Vll..
200 2384 227 2436 3.
248 2401 276 2458 p.
300 2384 437 2452 391.‚·ut
456 2380 600 2439 sententia
621 2380 649 2438 lt.
672 2381 690 2438 Ι.
713 2381 767 2440 sit:
805 2383 887 2454 Vos,
916 2379 972 2438 viri
995 2380 1120 2460 optimi,v
1146 2378 1200 2459 qui
1251 2386 1253 2390 '
1284 2376 1287 2383 ’

114 2459 228 2519 uostris
245 2460 447 2541 temporibus,
469 2461 576 2539 quibus
588 2473 749 2535 oratorum
768 2482 877 2524 summa
892 2460 1019 2540 paucitas
1036 2471 1092 2533 est,
1112 2480 1199 2520 verae

116 2538 306 2618 eloquentiae
336 2541 487 2600 sustinetis
518 2541 640 2600 laudem.
659 2586 662 2591 .
682 2539 727 2601 cf.
747 2540 821 2599 Dial.
844 2544 869 2600 1.
897 2550 997 2599 nostra
1016 2543 1199 2623 potissimum

114 2614 203 2697 aetas
224 2633 296 2695 eto,
325 2643 369 2702 cp.
393 2627 439 2682 15.
467 2644 553 2706 quum
576 2622 681 2682 olrlrtus
701 2632 730 2680 et
753 2634 823 2682 tuae
845 2631 873 2678 et
886 2618 998 2699 fratris
1019 2623 1200 2704 eloquentiae

116 2713 190 2775 etc.‚
223 2723 267 2781 ep.
290 2709 337 2761 30.
365 2706 390 2762 is
421 2713 464 2762 est
492 2716 594 2764 orator
615 2725 678 2782 sq.‚
704 2725 751 2784 cp.
771 2706 819 2762 32.
849 2713 881 2762 nt
902 2702 1025 2787 denique
1051 2706 1200 2764 oratorem

116 2790 178 2860 esse
188 2780 338 2862 fateatur.
415 2825 418 2830 -
991 2844 993 2849 ,

117 2916 125 2930 ,
200 2865 412 2924 declamatorio
432 2863 547 2947 studio]
571 2865 631 2924 Vd.
647 2864 721 2927 Dial.
745 2887 789 2946 cp.
806 2869 853 2925 31.
870 2870 918 2925 35.
959 2866 1202 2945 lleelamationes
1223 2904 1225 2913 ‹

115 2941 315 3087 {declamare7
336 2947 538 3021 declamitare,
559 2944 766 3026 declamator),
787 2941 888 3023 pitteus
910 2944 1044 3028 (μελειᾶν)
1066 2946 1095 3005 in
1112 2945 1201 3007 scho-

128 3024 154 3086 is
179 3026 334 3086 rhetorum
361 3027 578 3087 exercitationis
602 3049 685 3088 causa
715 3026 906 3099 dicebantur,
937 3027 972 3087 de
993 3048 1119 3106 quarum
1138 3026 1201 3086 ori-

117 3102 188 3190 gine
208 3107 257 3166 vd.
272 3108 430 3184 Quintil,
446 3112 476 3184 4,
491 3112 540 3168 41.
581 3109 661 3171 Nam
672 3107 766 3188 fictas
786 3109 829 3167 ad
844 3111 1037 3169 imitationem
1049 3105 1116 3184 fiiri
1133 3129 1202 3167 con-

118 3184 307 3271 ciliorumque
336 3194 480 3250 materias
508 3190 589 3273 apud
617 3191 747 3251 Graecos
780 3190 875 3250 elicere
908 3193 988 3250 cirea
1016 3189 1202 3251 Demetrium

117 3268 299 3330 Phalereum
328 3275 501 3332 institutum·
516 3272 585 3348 sere
611 3280 733 3331 constat.
754 3309 792 3319 -
844 3272 965 3331 Latinos
995 3291 1060 3329 aero
1089 3268 1205 3330 dicendi
1257 3279 1260 3287 '

115 3357 482 3435 praeceptores‘eootremis
502 3352 537 3411 L.
560 3353 663 3414 Crassi
681 3352 856 3433 temporibus
877 3355 1001 3430 coepisse
1023 3351 1124 3411 Cicero
1145 3372 1202 3426 au-

114 3442 185 3514 ¹ctor
206 3443 268 3492 est:
297 3455 419 3512 quorum
444 3437 564 3507 insignis
578 3437 721 3493 -maaime
750 3430 874 3494 Plotius
882 3428 953 3510 snit.
998 3434 1068 3508 Quo
1094 3453 1203 3514 genere

120 3511 363 3573 declamationum
389 3536 462 3574 usus
492 3513 531 3572 sit
560 3511 666 3573 Cicero
694 3512 786 3572 refert
814 3515 916 3573 Senec.
946 3511 1091 3573 Controv.
1125 3514 1158 3571 L.
1180 3514 1203 3571 Ι.

120 3593 212 3677 prael.
241 3586 370 3655 Ellendt.
400 3595 537 3678 Prolegg.
566 3595 599 3655 ad
621 3593 682 3655 Cic.
703 3596 788 3654 Brut.
809 3617 837 3676 p.
861 3595 1049 3652 Lxxxvttt.
1101 3593 1211 3667 Quum¹

115 3685 225 3756 postea
246 3675 411 3735 scholastici
432 3676 638 3735 declamatores
667 3675 812 3734 suasorias
842 3673 1048 3752 iudicialesque
1063 3673 1203 3738 oratorios

121 3756 185 3816 sive
212 3757 541 3816 controversiasfictas
568 3756 684 3815 veritati
712 3755 915 3815 dissimillimas
950 3765 1107 3812 tractarent
1136 3765 1204 3813 eta
1265 3804 1267 3808 .

118 3849 191 3896 tera
211 3837 466 3919 imagineporaodi
487 3836 610 3896 multum
632 3839 822 3910 recederent,
842 3835 954 3896 'lactum
976 3847 1021 3892 est
1042 3855 1144 3893 eorum
1166 3833 1203 3892 li·
1306 3840 1308 3858 ¹

121 3917 219 3978 centia
240 3931 272 3977 ct
291 3919 421 3992 inscitia,
449 3930 484 3977 ut
504 3918 700 3996 eloquentiam
721 3917 804 3977 valde
825 3927 1057 3996 corrumperent.
1100 3916 1205 3990 Quint.

122 4001 161 4074 11,
187 4005 238 4072 to,
259 4005 286 4057 3.
310 4002 361 4073 Ν,
385 4005 433 4072 12,
459 4005 505 4058 17.
552 4000 599 4058 De
619 3999 786 4059 ratonem
806 3997 932 4055 utilitate
961 3996 1137 4056 declamandi
1157 3997 1205 4056 vd.

114 4080 161 4156 dl,
182 4085 250 4155 to,
272 4081 312 4156 X,
333 4085 362 4153 3,
388 4084 448 4140 14-.·
475 4075 718 4140 lleelamationes
739 4099 818 4151 aero,
840 4079 942 4159 petales
962 4082 991 4136 in
1012 4079 1117 4137 scholis
1137 4078 1206 4145 rlre·

123 4167 224 4221 torum
241 4161 403 4237 detenter,
434 4160 569 4221 simodo
597 4170 664 4222 sarit
690 4158 735 4220 ad
762 4160 915 4220 veritatem
940 4159 1151 4223 accomodataa
1176 4167 1208 4217 et
