2634 4656
513 264 591 348 cap.
624 266 701 329 Vn.
770 290 774 297 ·
888 230 893 239 ’
1105 269 1148 336 11

63 402 280 509 quaesturam
298 431 356 488 aut
372 416 578 491 tribunatum
598 436 656 493 aut
678 437 869 520 praeturam
892 422 1023 526 accepi,
1047 415 1149 524 quant

62 536 144 599 eos,
172 513 297 611 quibus
311 515 405 587 milri
424 544 488 616 pro
511 517 739 592 mediocritate
764 521 865 594 huius
887 522 1150 623 quantulaecuna

61 635 130 707 que
156 612 360 685 indicendo
390 613 555 689 facultatis
582 635 640 691 aut
663 647 756 692 reum
780 636 951 723 prospere
968 621 1150 697 defendere

61 716 120 797 alut
155 700 249 811 apu'd
280 715 502 787 centumviros
533 744 666 789 causant
699 716 843 818 aliquam
878 718 1019 794 feliciter
1052 714 1149 797 orare

60 822 121 879 aut
143 808 237 909 apud
260 811 447 914 principem
473 814 567 914 ipsos
596 814 671 889 illos
693 814 832 892 libertos
857 836 889 893 et
913 837 1149 921 procuratores

58 981 1150 1201 tttttttt'sttulltttltltltltilatttlt‘tltt

57 1141 358 1218 Frotsc.Xll,10,
381 1149 428 1207 tt.
469 1145 526 1205 Est
555 1150 631 1206 enim
660 1148 790 1208 iucunda
811 1154 882 1209 auri
909 1171 948 1210 ac
969 1150 1150 1228 fauorabilis

59 1222 237 1301 eloquentia
287 1222 428 1285 Ceterum
454 1228 574 1289 Tacitus
605 1227 698 1289 multa
733 1229 873 1291 adiectiva
907 1231 995 1292 huius
1030 1234 1148 1314 generis

58 1314 203 1384 usurpat,
225 1315 260 1365 ut
282 1307 445 1381 instabilis,
466 1310 665 1384 insociabilia,
687 1312 881 1388 intestabilis,
906 1316 1148 1392 impenetrabilia,

57 1386 263 1446 irrevocabilis
291 1388 338 1447 vd.
360 1388 496 1449 1111111111.
526 1390 623 1450 lustit.
645 1391 677 1452 Ρ.
700 1392 735 1450 11.
756 1414 784 1472 p.
807 1398 855 1452 99.
884 1395 929 1453 cd.
958 1394 1060 1455 Stallb.
1102 1397 1149 1457 lle

57 1464 239 1531 fannatione
258 1466 365 1528 horum
386 1469 597 1531 adiectisorum
616 1472 649 1532 in
670 1472 736 1532 bilis
759 1473 796 1534 cs.
820 1473 969 1535 Ecltstein.
999 1477 1036 1536 ad
1057 1479 1147 1551 Voss.

56 1546 223 1615 Arisurcu.
244 1570 273 1630 p.
295 1555 364 1609 717.

141 1650 333 1719 quaesturam
354 1675 395 1691 ·-
416 1639 537 1723 accept]
557 1640 703 1722 Accipere
723 1647 932 1719 magistratum
953 1645 1048 1706 rarius
1073 1645 1148 1707 dici-

56 1729 111 1779 tur
138 1742 225 1800 quam
245 1741 353 1803 capere
374 1743 452 1797 mag.
473 1724 597 1784 Sueton.
617 1726 694 1805 Aug.
718 1728 765 1783 to.
793 1730 977 1791 consulatum
998 1730 1147 1808 accipere.

56 1799 135 1861 Ptin.
155 1803 231 1884 Epp.
252 1805 291 1877 X,
313 1809 362 1863 85.
398 1803 534 1880 Traian,
555 1804 608 1865 1111
627 1816 753 1883 utraque
770 1806 897 1871 formula
917 1819 1020 1869 exstat.

142 1898 198 1953 eiut
219 1894 304 1972 apud
321 1899 515 1953 centumuiros
528 1914 651 1953 causam
672 1895 809 1972 aliquarn‘
816 1893 951 1975 feliciter
968 1894 1074 1979 orare]
1096 1899 1146 1957 lu-

57 1973 169 2034 dicium
189 1975 462 2036 centumuirorum
490 1974 553 2035 sive
582 1975 790 2036 centumvirale
815 1977 967 2038 constabat
987 1999 1003 2038 c
1024 1977 1147 2039 (111111-

59 2055 405 2137 111111111,(]1111111111111
426 2078 442 2116 e
463 2056 585 2139 singulis
607 2057 762 2131 tribubus,
784 2079 858 2137 quae
872 2059 993 2141 triginta
1015 2058 1146 2139 quinque

57 2149 154 2213 eraut,
177 2139 370 2221 eligerentur,
392 2137 443 2218 qui
459 2160 583 2198 numero
597 2139 761 2198 summatim
776 2140 877 2220 posito
896 2139 1079 2201 Centumviri
1093 2163 1146 2222 ap·

56 2219 251 2300 pellabantur.
292 2220 464 2279 institutum
486 2231 531 2279 est
552 2220 610 2279 hoc
630 2220 771 2280 iudicium
792 2222 868 2282 circa
895 2242 1003 2282 annum
1017 2228 1085 2282 ⁴520
1106 2228 1146 2286 U.

55 2296 104 2376 C,
120 2300 221 2378 nullo,
242 2300 324 2382 quod
339 2301 473 2374 sciamus,
496 2301 608 2361 ordinis
624 2301 800 2362 discrimine.
836 2303 893 2363 llic
911 2303 1146 2365 111111υεί111.-

56 2382 203 2443 111111-1111
224 2382 452 2463 lmperatoribus
473 2382 557 2442 valde
575 2394 679 2441 auctus
700 2395 765 2458 est,
787 2405 877 2462 quum
898 2385 972 2444 Plin.
995 2387 1069 2465 Epp.
1091 2388 1145 2461 vt,

55 2469 246 2539 3311111111,
275 2463 387 2524 sedisse
415 2463 526 2523 iudices
558 2475 676 2522 centum
703 2475 735 2522 ct
763 2464 914 2544 octogiuta
941 2465 973 2524 in
1004 2477 1146 2544 quattuor

54 2544 164 2605 iudicia
192 2545 256 2606 sive
274 2544 431 2604 tribunalia
455 2543 652 2616 distributos,
680 2544 760 2603 unde
781 2545 969 2626 quadruplex
991 2548 1144 2607 consilium

54 2626 183 2708 appellat
208 2627 283 2706 Ep.
303 2628 328 2701 l,
355 2630 420 2699 ts,
449 2623 529 2705 quod
560 2623 591 2683 in
620 2623 768 2683 basilicam
794 2625 896 2685 lulium
923 2626 991 2708 cogi
1022 2626 1144 2689 solebat

54 2708 207 2790 Tempore
233 2649 342 2767 liberae
370 2707 415 2767 rei
440 2704 572 2785 publicae
592 2725 656 2765 nou
685 2716 792 2765 tantam
821 2707 1023 2768 auctoritatem
1051 2730 1145 2788 qnan-

54 2800 117 2849 tum
142 2788 250 2849 iudicia
277 2787 394 2868 publica
423 2786 585 2861 habehant,
614 2786 752 2865 quoniam
779 2787 812 2847 in
837 2787 896 2847 illis
920 2788 1000 2850 leves
1029 2802 1144 2872 tanturn

55 2890 161 2931 nusae
189 2869 370 2952 agebantur,
410 2869 462 2928 sed
488 2867 544 2928 sub
573 2867 819 2948 imperatoribus,
850 2871 1022 2949 praesertim
1049 2883 1144 2935 aetate

54 2951 181 3025 Taciti,
195 2950 284 3012 Plinii
308 2962 339 3010 et
354 2949 532 3025 Quintiliani
551 2949 680 3029 primum
700 2950 799 3011 locum
819 2951 993 3012 obtinebant
1013 2952 1049 3013 cf.
1072 2953 1143 3013 Dia-

54 3031 117 3115 log.
138 3054 183 3113 ep.
204 3038 254 3093 38.
293 3031 407 3092 Plinius
428 3031 599 3104 Secundus,
620 3041 656 3089 ut
677 3042 796 3111 apparet
817 3052 852 3091 ex
876 3032 938 3092 eins
961 3034 1143 3113 Epp..t,15.

55 3114 95 3189 ll,
118 3117 167 3175 14.
207 3116 260 3188 lV,
284 3117 330 3173 16.
355 3113 416 3173 ‚Vl
443 3116 490 3189 13.
520 3112 572 3186 tx,
596 3117 665 3185 23.,
699 3133 799 3172 causas
827 3114 1013 3208 potissimum
1041 3113 1145 3175 orabat

55 3193 301 3268 centumvitales,
326 3214 398 3274 quas
420 3190 596 3253 Ciceronem
620 3213 770 3272 nunquam
791 3214 887 3275 egisse
918 3194 1062 3276 legimus,
1090 3194 1143 3275 qui

54 3276 94 3337 de
114 3277 199 3337 Orat.
220 3278 244 3352 l,
270 3281 320 3348 38,
346 3280 413 3335 173.
441 3272 668 3353 baecscripsit:
697 3277 814 3334 iactare
835 3296 867 3334 se
894 3279 924 3335 in
946 3280 1045 3337 causis
1074 3298 1142 3336 cen·
1193 3304 1204 3347 t

53 3358 277 3430 tumeiralibus‚
305 3360 337 3415 in
357 3356 461 3438 quibus
480 3358 713 3433 usucapionem,
734 3358 912 3430 tutelarum,
931 3361 1141 3433 gentilitatem,

53 3443 267 3515 agnatiomm,
289 3439 477 3510 allucionum,
501 3437 769 3510 circumlueionum,
791 3458 956 3513 nemorum,
978 3444 1142 3520 mancipio·
1251 3506 1256 3515 1

53 3542 139 3596 rum,
166 3523 336 3601 par-iatum,
365 3521 524 3590 luminum,
555 3518 791 3592 stillicidiorum,
820 3529 1062 3579 testamentorum
1089 3543 1141 3606 ηις
1250 3574 1255 3584 .

50 3612 174 3682 piorum
194 3611 250 3660 aut
272 3610 406 3659 ratarum
429 3609 653 3676 ceterarumque
674 3619 773 3658 rerum
794 3602 1048 3661 innumerabilium
1073 3605 1142 3661 iura

53 3693 218 3744 careantur.
259 3678 305 3740 Cf.
327 3682 398 3740 Ern.
419 3677 465 3741 Cl.
489 3677 550 3741 Cic.
583 3700 605 3738 s.
627 3699 656 3738 r.
689 3679 846 3739 Zimmern.
868 3681 975 3742 Gesch.
997 3683 1024 3741 d.
1052 3685 1140 3745 116111.

51 3763 180 3826 Privetr.
209 3769 238 3824 3.
256 3758 326 3821 Thl.
347 3761 375 3844 ᾖ.
399 3762 541 3821 14-16.
577 3759 614 3819 K.
634 3759 671 3818 A.
691 3761 853 3820 Schneider
879 3761 916 3820 de
943 3765 1141 3825 centumvira-

52 3844 89 3907 lis
117 3843 221 3905 iudicii
247 3842 325 3922 apud
352 3845 502 3904 Romanos
532 3839 655 3922 origine.
685 3840 829 3919 Rostoch.
854 3845 942 3901 1835.
970 3849 997 3903 8.
1035 3842 1069 3905 G.
1100 3846 1139 3909 θ’.

51 3930 163 4007 Zumpt
181 3924 258 3984 iiber
278 3926 457 4005 Ursprung,
486 3923 577 3982 Form
605 3921 668 3980 und
688 3923 866 4006 Bedeutung
890 3922 941 3984 des
966 3922 1140 3991 Centumuir

51 4006 236 4092 raigericltts.
266 4003 345 4064 Rerl.
369 4009 457 4064 1838.
477 4005 507 4064 4.
999 4024 1007 4039 ·

133 4093 214 4169 ipsos
240 4087 307 4145 illos
334 4086 455 4145 libertos
478 4094 508 4143 et
532 4094 745 4165 procuratores
763 4086 949 4182 principum]
987 4090 1138 4164 Quantum

51 4170 147 4254 gratie
163 4166 331 4250 principum
352 4163 515 4228 ilumerint
531 4165 569 4227 ab
592 4164 689 4247 iisque
706 4165 740 4227 in
761 4165 893 4229 intimam
913 4170 1137 4234 amicitiam-ad.
