2634 4656
506 218 591 322 cap.
614 238 691 301 xx.
1084 237 1146 299 raa
1200 172 1209 197 .

60 410 96 466 et
121 383 409 509 pulchritudinem
436 391 614 479 orationis,
652 418 714 464 nec
740 390 848 487 magis
877 389 1001 491 periert
1028 391 1061 464 in
1093 394 1144 466 iu-

62 492 163 567 diciis
190 493 317 567 tristem
344 509 378 565 et
396 491 561 591 impexam
585 491 812 591 antiquitatem
839 491 988 589 quamsi
1014 492 1090 591 quis
1108 492 1144 565 in

61 618 166 666 scena
191 609 250 665 ant
271 591 387 665 Roscii
414 608 469 664 ant
492 591 676 691 Turpionis
702 589 849 663 Ambivii
878 591 1062 690 exprimere
1086 618 1144 688 gc-

61 747 93 809 in
103 749 232 829 aliquem
241 747 341 810 locum
352 748 547 810 conveniente
558 748 605 809 vel
616 747 747 828 undique
758 756 929 805 accurrente
941 743 1146 824 frequentatur

62 850 80 891 a
99 829 196 891 Tacit.
215 831 264 890 vd.
284 830 431 891 Boetticb.
451 832 520 889 Lex.
540 831 610 891 Tac.
631 852 654 890 s.
675 852 703 888 r.
733 829 828 887 ·Ann.
848 831 899 902 lV,
919 828 967 887 41.
981 826 1145 886 ‘multitudo

62 911 260 995 qffluentium.
281 916 358 987 xtV,
381 919 409 972 8.
440 911 565 993 affluere
592 917 693 986 iugens
714 908 868 968 multitudo
895 928 961 967 cum
981 909 1145 967 luminibus.

63 994 112 1053 Ex
136 992 253 1053 Schola.
273 992 428 1075 interpret
448 993 575 1076 affluens
592 1005 622 1053 et
642 1013 732 1067 uagus
754 990 875 1049 auditor
898 1002 944 1049 est
965 989 1008 1059 is,
1040 989 1090 1068 qui
1110 989 1146 1050 ad

63 1095 206 1135 coronam
226 1074 477 1136 circumstantium
497 1087 608 1135 temere
628 1072 737 1134 accedit
753 1085 782 1131 ct
802 1072 838 1130 ab
862 1092 894 1131 ca
910 1070 1041 1130 discedit.
1077 1072 1145 1133 Huc

62 1156 195 1238 pertinet
214 1155 298 1216 locus
322 1158 358 1217 de
376 1157 560 1216 auditoribus
590 1157 694 1233 Quint.
716 1158 764 1228 tlt,
783 1156 815 1227 4,
839 1159 866 1213 6.
915 1153 977 1233 Qui
1002 1173 1068 1211 turn
1093 1153 1146 1212 de-

53 1235 204 1318 fendunt,
231 1241 293 1297 trio
302 1236 422 1317 fuciunt
440 1235 552 1313 geneia
573 1239 760 1299 auditurum:
782 1256 885 1309 uuum,
907 1235 986 1316 quod
1005 1234 1047 1293 ad
1066 1234 1146 1295 dele·

63 1323 225 1379 dationem
244 1323 407 1393 conueniat,
427 1314 566 1397 alierum,
586 1320 666 1403 quod
684 1317 836 1378 consilium
851 1320 992 1397 occipiat,
1014 1320 1146 1393 tertium,

62 1401 146 1485 quod
166 1401 203 1459 de
226 1405 326 1460 causis
344 1402 462 1461 iudicet.

141 1479 255 1564 perfert
274 1486 305 1542 in
324 1484 438 1543 iudiciis
463 1487 577 1548 tristem
597 1493 626 1543 et
645 1487 796 1564 impexum
827 1477 1050 1562 antiquitatem]
1085 1481 1147 1540 Im·

59 1584 178 1646 pexam,
200 1565 310 1644 quoda
330 1565 426 1646 poetis
447 1578 607 1645 usurpatur
629 1566 664 1624 de
686 1564 814 1645 capillis,
836 1563 893 1623 hoc
912 1583 974 1621 nno
995 1561 1062 1622 loco
1084 1583 1146 1623 me·
1212 1620 1215 1625 .

60 1657 180 1731 touym.
209 1645 340 1727 positum
369 1647 405 1707 de
431 1647 566 1717 oratione
587 1660 632 1706 est
652 1647 824 1720 inornatus,
855 1643 1030 1723 incomptus.
1082 1643 1144 1705 Cic.

63 1727 150 1787 Orat
171 1732 223 1804 23,
245 1733 293 1787 73.
342 1727 422 1789 Num
446 1739 478 1787 ut
507 1730 644 1787 mulieres
672 1749 734 1786 csse
762 1727 896 1786 edicuntur
915 1728 1070 1784 nonnullae
1096 1729 1142 1784 in-

62 1818 209 1882 amotae,
237 1812 311 1892 pules
333 1809 366 1867 id
386 1814 480 1892 ipsum
502 1810 621 1869 eluceat:
648 1813 690 1869 sic
708 1811 783 1867 hoec
803 1808 918 1866 subtilis
937 1811 1033 1866 oratio
1055 1811 1146 1866 etium

61 1893 216 1970 &coneptu
243 1891 380 1950 utentur.
430 1895 554 1951 Auctor.
580 1891 616 1950 ad
645 1893 775 1951 Herenn.
798 1893 848 1963 lV,
871 1893 920 1947 st.
949 1889 1029 1947 nuda
1057 1900 1146 1971 atque

59 1975 205 2031 inornata
233 1975 366 2031 inventio.
417 1972 467 2033 Sic
486 1973 556 2034 inlr.
577 1974 656 2032 Attii
675 1982 729 2031 aut
744 1972 872 2031 Pacuuii
884 1981 1024 2029 veternus.
1053 1968 1146 2031 Coru-

61 2053 160 2134 parari
180 2064 281 2134 potest
300 2057 434 2136 impexos
454 2076 479 2114 c.
502 2056 555 2115 Gr.
584 2057 725 2128 ποκοειδής
752 2076 796 2135 ap.
817 2051 942 2133 Longin.
965 2053 1032 2128 XV,
1052 2057 1081 2111 5.
1109 2053 1147 2112 de

61 2134 234 2217 Aeschylo:
267 2141 345 2195 inbre
365 2142 450 2211 μέντοι
474 2140 684 2216 daumpyuiurovc
709 2149 754 2196 aul
776 2146 854 2196 uiorat
880 2140 1023 2203 aoaoetdets
1042 2139 1088 2202 τὰς
1106 2141 1147 2193 ir-

61 2226 138 2284 μυίας
162 2229 207 2276 aut
232 2215 400 2292 dpotdazouc
428 2224 561 2296 φέροντος.
610 2221 681 2279 Era.
710 2220 778 2278 Lex.
806 2216 903 2276 techa.
934 2217 989 2276 Gr.
1019 2238 1046 2299 p.
1077 2221 1145 2281 143.

61 2317 128 2358 non
147 2297 271 2357 debebat
291 2298 428 2360 conferre
447 2322 475 2360 r.
495 2303 609 2360 ..tanna
631 2323 697 2362 cum
720 2301 833 2380 impexa
851 2296 1040 2376 antiquitate,
1063 2298 1145 2377 quod

62 2378 96 2439 io
115 2378 223 2439 bonam
251 2378 313 2440 iere
362 2392 453 2440 artem
481 2383 608 2455 dicitur,
637 2382 715 2442 sicut
742 2384 922 2458 ἂρχαιοειὸἐς,
948 2383 1145 2457 uipxumnpeuie

62 2472 96 2522 et
115 2464 301 2539 ἀρχαιολογεῖν
320 2402 368 2522 vd.
390 2464 460 2522 Ero.
477 2463 496 2522 l.
512 2463 549 2536 l.,
570 2464 621 2523 sed
645 2463 745 2543 potius
770 2485 817 2522 vv.
836 2474 910 2527 noue
930 2459 991 2541 (vd.
1016 2461 1145 2556 Dionys.

61 2541 158 2603 Halic.
180 2543 217 2602 de
239 2541 343 2624 Cotnp.
365 2564 394 2624 p·
415 2551 485 2604 ³00.
507 2545 551 2604 ed.
570 2536 700 2623 Schaei.)
721 2554 751 2602 et
771 2547 948 2620 ulpzuromrie.
988 2540 1016 2600 A
1039 2544 1144 2616 Quint.

62 2628 103 2700 11,
123 2629 156 2700 5,
176 2630 227 2684 23.
248 2625 331 2684 rudis
348 2627 463 2685 sacrarii
480 2624 613 2710 squulori
631 2623 793 2706 opponitur
812 2633 912 2682 noster
931 2623 978 2682 bio
999 2625 1103 2683 cultus.

148 2708 181 2765 in
199 2725 287 2766 xeno
313 2717 366 2765 out
394 2709 497 2767 Roscii
520 2718 576 2768 aui
603 2707 760 2790 Turpionis
782 2702 928 2786 Ambivii]
956 2701 1031 2765 Cod.
1057 2707 1145 2767 Fam.

62 2807 206 2862 «mom,
226 2784 300 2848 cod.
323 2787 410 2848 Vind.
433 2809 525 2864 cena,
553 2793 744 2862 Pammene,
771 2800 806 2849 nt
826 2787 919 2870 prima
937 2786 1071 2848 exhibuit
1088 2787 1144 2848 Ed.

62 2869 130 2931 Alc.
144 2889 200 2950 pro
216 2889 307 2930 coena
322 2869 352 2928 in
368 2870 459 2950 prior.
469 2872 557 2944 Edd.;
581 2883 634 2931 aut
643 2871 797 2952 Turpionis
812 2867 1103 2933 outAmbiniiCodd.
1114 2881 1145 2933 et

62 2962 137 3011 vett.
158 2949 231 3011 Edd.
261 2960 401 3011 nutante
426 2951 557 3013 Anatim·
577 2977 642 3015 cum
669 2955 748 3035 Lips.
775 2953 947 3015 deleverunt
967 2973 1048 3033 seqq.
1069 2953 1143 3013 Sec-

62 3031 134 3093 bod.
163 3030 277 3091 Droak.
314 3043 344 3092 et
372 3032 482 3095 Osann.
517 3047 572 3096 aut
596 3039 699 3097 Roscii
725 3047 779 3095 aut
810 3031 964 3117 Turpionis
991 3032 1143 3111 exhibent,

63 3111 146 3195 quod
168 3124 318 3194 receptum
339 3135 356 3173 a
375 3115 462 3175 Bacb.
483 3114 639 3198 probatum
659 3131 705 3178 est
718 3116 865 3178 lloetticla.
879 3134 999 3196 quoqne
1018 3125 1049 3174 et
1063 3112 1143 3175 Euk-

63 3194 151 3257 etein.
179 3193 210 3254 in
229 3206 342 3254 anatott.
366 3230 400 3242 -
458 3198 495 3279 Q.
517 3202 638 3260 Roscius
661 3201 781 3272 Gallus,
809 3196 933 3257 Lanuvii
959 3207 1043 3255 natus
1072 3200 1142 3256 625.

60 3274 160 3337 tte
179 3288 210 3335 et
230 3288 317 3335 mort.
339 3283 427 3351 693..
471 3281 504 3340 1..
526 3281 623 3342 Sullae
651 3280 786 3340 dictatori
814 3278 998 3352 carissimus,
1026 3297 1142 3339 amores

61 3378 97 3419 ac
119 3354 239 3418 deliciae
267 3356 439 3435 Ciceronis,
470 3363 521 3443 qni
552 3385 617 3423 eum
646 3361 823 3422 declamandi
848 3371 1068 3441 praeceptorem
1089 3358 1142 3420 ba-

60 3438 129 3500 buit
150 3451 180 3499 et
201 3439 354 3516 oratione,
384 3464 456 3521 qnae
484 3457 595 3520 exstat,
622 3444 769 3517 defendit,
798 3465 929 3503 summus
956 3441 1014 3502 suit
1038 3441 1142 3504 aetatis

62 3541 135 3583 auae
154 3520 257 3580 artilex
278 3523 429 3598 scenicus,
460 3526 510 3603 qui
534 3525 685 3586 excellenti
705 3537 768 3586 arte
788 3545 821 3584 ac
841 3535 995 3584 venustate
1016 3522 1046 3582 id
1067 3543 1141 3583 eon-

46 3613 183 3663 'secntus
204 3613 286 3677 crat,
306 3616 341 3682 nt
361 3606 390 3662 in
405 3602 471 3685 'quo
493 3608 616 3686 quisque
636 3607 761 3666 artificio
783 3605 956 3677 excelleret,
985 3603 1009 3662 is
1031 3604 1062 3662 in
1083 3624 1141 3664 sno

61 3705 172 3769 genere
191 3684 317 3743 Roscius
337 3686 492 3746 diceretur.
533 3689 659 3770 Scripsit
677 3688 795 3761 librum,
818 3686 848 3746 in
869 3707 929 3765 quo
946 3684 1142 3764 eloquentiam

62 3788 129 3826 cum
159 3764 312 3824 bistriouia
340 3769 525 3850 comparavit.
552 3772 599 3829 vd.
629 3769 758 3832 lllacrob.
784 3768 844 3826 Sat.
866 3771 908 3840 ll,
942 3771 986 3825 10.
1028 3766 1140 3841 Quanti

60 3844 171 3908 Cicero
197 3845 300 3907 iecerit
331 3848 394 3908 cius
421 3862 512 3909 artem
541 3851 672 3911 maximis
701 3848 832 3909 laudibus
863 3847 1051 3920 celebratam,
1083 3870 1140 3929 qua

59 3927 220 4012 plurimum
240 3927 271 3986 iu
292 3928 458 4008 eloquentia
480 3954 512 3992 se
531 3934 693 4014 profecisse
713 3931 887 4011 profitetur,
906 3929 1084 4013 intelligitur
1103 3951 1141 3990 ex

59 4010 163 4071 mutuis
184 4008 277 4069 locis:
300 4010 336 4069 ‹te
357 4012 440 4072 orn.
457 4017 479 4089 1,
498 4021 546 4088 ts,
563 4021 619 4074 teo
634 4028 664 4074 et
684 4020 750 4073 130.
767 4018 818 4087 so,
837 4017 907 4072 251.
926 4016 977 4086 111,
998 4019 1049 4087 26,
1072 4016 1139 4072 102.

60 4113 108 4175 pr.
135 4090 226 4153 Arcb.
248 4094 278 4150 8.
304 4092 388 4152 Brut.
417 4097 468 4169 84,
497 4102 565 4156 290.
597 4107 652 4156 etc.
679 4096 726 4154 vd.
754 4093 910 4154 Onomast.
937 4093 1015 4152 Tull.
1041 4095 1074 4152 P.
1104 4096 1138 4152 ll.

60 4186 94 4259 p.
111 4174 182 4237 514.
199 4172 246 4235 etl.
267 4172 361 4234 Orcll.
381 4184 413 4236 et
431 4174 508 4237 Bait.
522 4176 675 4239 chland·
694 4188 726 4238 et
746 4175 875 4236 Scbtuid.
894 4175 931 4235 ad
943 4176 1047 4236 Horat.
1064 4175 1138 4256 Epp.
