2634 4656
467 200 481 227 Ο

486 266 573 348 ceap.
596 268 687 330 xix.
814 346 819 352 Ι
1070 274 1132 335 123

53 414 222 504 dabatur,
267 417 296 489 si
330 416 474 490 dicendo
507 420 583 518 quis
614 421 702 492 diem
736 419 900 491 exiureret.
959 422 1026 492 lam
1056 451 1133 495 vero

52 513 159 612 longa
191 516 436 617 principiorum
461 520 670 620 praeparatio
706 536 737 592 ct
769 517 968 592 narrationis
994 519 1056 593 alte
1082 547 1135 593 re-

54 687 204 743 euirueret
215 696 270 743 etc.
286 695 317 744 et
330 707 381 766 nee
393 690 543 769 accipiunt
555 697 698 768 tempora,
716 686 770 745 sed
783 674 1012 763 consumunmt
1020 695 1134 769 cap.20.

55 769 125 847 quis
149 769 272 847 quiaque
300 769 331 824 iu
354 769 471 828 Verrem
491 769 582 828 lilrros
602 769 808 849 exspectabit?
827 773 891 850 quis
912 771 948 829 de
966 775 1137 851 exceptione

56 856 89 905 et
101 844 240 925 formula
257 853 437 928 perpetietur
451 851 504 909 illu
518 854 660 909 iurareusa
677 853 821 911 uolumina
842 862 896 910 etc.
929 850 1032 926 Quint.
1053 854 1133 925 Vlll,

57 932 92 1002 6,
112 929 165 993 tt.
199 931 427 1001 =Verumtamen
451 933 521 991 talis
548 942 592 991 est
619 936 697 991 ratio
718 933 838 991 huiusce
861 936 990 1004 uirtutis,
1021 943 1052 991 ut
1072 936 1135 991 sine

57 1013 203 1091 appositis
224 1011 306 1070 nuda
333 1016 372 1071 sit
399 1022 427 1071 et
456 1015 531 1072 uelut
557 1018 706 1093 incompta
733 1017 847 1081 or·otio;
875 1024 1011 1073 oneretur
1037 1025 1137 1074 tamen

58 1092 171 1150 multis.
210 1092 290 1153 Nam
308 1091 359 1175 set.
372 1096 461 1167 lonqa
490 1104 519 1153 et
539 1096 696 1175 impedita,
727 1105 758 1153 ut
779 1099 809 1152 in
827 1095 1044 1176 quaestionibus
1065 1116 1132 1155 eam

58 1172 175 1231 iudices
192 1176 317 1233 similem
337 1179 451 1250 agmini
468 1176 590 1234 totidem
610 1178 690 1235 limas
707 1177 827 1234 ludenti
844 1187 912 1256 quot
930 1176 1045 1237 milites.

144 1253 292 1336 idipsum
314 1288 351 1300 -
371 1255 530 1336 eximeret]
555 1258 641 1315 Diem
662 1258 785 1316 diceudo
807 1261 937 1317 euimere
965 1257 1042 1338 (Cic.
1062 1258 1137 1339 Epp.

58 1334 98 1395 ad
118 1333 209 1394 Auic.
232 1338 283 1411 tv,
306 1334 370 1416 3.),
405 1337 449 1409 yel
470 1332 648 1396 'consumere
669 1340 768 1417 (Vere.
792 1340 827 1411 ll,
856 1337 940 1418 30),
968 1339 1014 1397 vel
1036 1341 1138 1398 tollere

59 1413 142 1495 (cic.
170 1417 230 1498 Leg
252 1462 258 1475 .
282 1419 331 1490 ΙΙΙ,
355 1417 435 1499 18.),
464 1418 510 1477 vel
532 1421 691 1478 eutr-altere
726 1418 836 1501 (Valer.
867 1421 942 1477 Max.
972 1422 1006 1492 ΙΙ,
1040 1425 1088 1494 10,
1111 1424 1137 1478 7.
1178 1484 1183 1490 ,

60 1495 147 1558 Caes.
167 1499 202 1556 B.
223 1438 258 1558 ὅ.
281 1501 303 1572 Ι,
325 1504 372 1558 32.
393 1499 462 1579 ibiq.
483 1500 585 1581 llere.)
615 1499 765 1569 dicebatur
791 1499 935 1579 primum,
963 1499 1063 1578 quiin
1092 1522 1138 1560 se-

59 1590 133 1639 natu
154 1580 328 1639 'sententiam
350 1593 468 1662 rogatus
497 1581 527 1639 in
554 1602 586 1640 ea
608 1581 728 1641 dicenda
758 1579 879 1639 nimium
898 1581 1039 1660 temporis
1065 1602 1138 1641 con-

60 1671 195 1720 sumeret
221 1672 251 1721 et
269 1660 361 1720 aliena
382 1683 512 1742 quaeque
540 1662 707 1742 proiceret,
739 1683 774 1720 ne
795 1672 861 1719 aute
891 1660 961 1720 solis
992 1682 1139 1739 occasum,

60 1762 137 1822 quae
158 1741 233 1824 legg.
254 1743 317 1800 Xll.
339 1743 415 1802 tabb.
437 1755 563 1802 extrema
585 1754 740 1823 tempestas
762 1753 833 1814 erut,
854 1762 900 1801 res
915 1762 958 1817 eo
971 1742 1017 1802 die
1038 1755 1137 1803 trans-

59 1822 197 1883 ieretur
225 1835 255 1883 et
283 1836 400 1883 senatus
431 1825 598 1884 consultum
622 1825 708 1883 fieret
733 1824 779 1882 vd.
803 1822 879 1880 Geli.
901 1823 938 1883 N.
958 1822 994 1882 Α.
1018 1827 1069 1900 lV,
1095 1830 1139 1883 10.

60 1846 132 1984 iliq.
161 1904 343 1984 interprett.;
373 1904 495 1988 deiude,
530 1906 579 1984 qui
600 1905 630 1963 in
652 1905 719 1963 loro
742 1917 771 1963 ct
792 1903 905 1963 iudiciis
927 1914 976 1962 aut
997 1926 1065 1964 reus
1090 1917 1141 1965 aut

59 1997 147 2047 actor
168 1985 281 2046 dicendi
304 1997 417 2067 tempus
440 2009 473 2046 et·
495 1986 559 2068 lege
580 1986 710 2066 Pompeii
727 1986 878 2068 clepsydra
899 1984 1052 2046 definitum
1073 1986 1139 2047 data

61 2087 154 2149 opera
174 2066 340 2126 extraheret
360 2067 501 2147 alterique
525 2068 702 2148 praeriperet
723 2069 769 2127 vd.
793 2066 866 2126 trist.
888 2073 937 2125 38.

145 2147 213 2207 Iam
236 2147 320 2243 uero]
348 2148 424 2208 Dial.
452 2155 478 2208 6.
501 2156 549 2208 20.
574 2155 622 2208 20.
650 2153 699 2209 40.
750 2152 811 2208 llae
838 2148 955 2228 portico.
984 2147 1140 2207 transitum

63 2228 208 2289 orationis
241 2228 373 2289 efficiunt
403 2240 432 2289 et
466 2230 606 2293 lectorem
634 2240 776 2289 attentum
807 2230 932 2288 reddunt
962 2228 996 2287 ad
1030 2250 1139 2288 novum

61 2322 268 2395 argumentum
296 2309 341 2368 vel
369 2311 404 2369 ad
431 2310 512 2369 aliam
547 2334 608 2370 rem
638 2332 752 2384 veram,
775 2331 912 2388 quacum
949 2309 1142 2389 explicatione

62 2392 160 2453 Hand.
180 2392 269 2451 Turs.
284 2390 350 2450 Vol.
375 2393 420 2449 ΙΙΙ.
441 2414 469 2472 p.
494 2398 559 2451 150.
580 2392 728 2451 consentit
747 2391 857 2471 Reisig.
879 2390 994 2448 Vorles.
1015 2389 1043 2470 Q.
1059 2397 1141 2467 258,

63 2472 116 2554 qui
135 2494 184 2532 eas
205 2472 432 2553 iuterpretatur:
455 2496 503 2531 um
524 2495 581 2531 nun
604 2474 676 2531 ulcr
696 2468 756 2548 aus
768 2471 823 2528 das
846 2493 879 2528 eu
900 2469 1041 2528 ltommen.

145 2550 374 2634 principiorum]
396 2552 457 2613 Cic.
473 2554 600 2614 deOrat.
611 2555 645 2627 ll,
668 2558 706 2612 78
725 2556 811 2630 et79.
830 2550 933 2625 Quint.
947 2553 994 2609 ΙΙΙ.
1011 2571 1143 2630 prooem.

63 2640 93 2695 6.
133 2638 275 2717 Sequitur
290 2639 385 2708 euim,
415 2646 446 2694 ut
466 2636 649 2694 iudicialium
669 2653 843 2707 causarum,
872 2653 946 2714 quae
966 2641 1033 2690 suut
1055 2652 1143 2690 max-

63 2719 125 2775 ime
162 2719 264 2774 uariae
291 2736 328 2774 aa
365 2718 555 2796 nrultiplices,
586 2715 658 2775 m‘do
687 2716 866 2793 explicetur:
897 2714 977 2793 quod
1000 2716 1146 2793 prooemii

62 2798 105 2857 sit
127 2794 272 2875 officium,
301 2817 378 2878 quae
398 2802 476 2856 ratio
497 2796 657 2870 narrandi,
679 2816 754 2877 quae
771 2795 978 2877 probationum
998 2799 1037 2853 sit
1046 2792 1141 2874 fides,

65 2910 105 2923 -
127 2887 239 2960 peronia
267 2880 308 2936 ois
333 2881 363 2936 in
388 2879 565 2960 perorando.
606 2877 647 2936 lb.
670 2880 721 2953 ΙΙΙ,
748 2882 774 2951 Ι,
801 2880 878 2954 lsq.
922 2875 1009 2955 Quod
1032 2879 1145 2956 priuci-

60 2961 146 3043 pium
179 2958 286 3019 Latine
314 2959 359 3017 rel
385 2959 538 3019 exordium
571 2959 692 3028 dicitur,
728 2960 841 3036 maiore
870 2958 1000 3037 quadam
1028 2962 1145 3016 ratione

65 3038 179 3100 Graeci
198 3039 330 3098 uidentur
356 3048 493 3117 προοίμιον
512 3044 694 3099 nominasse:
717 3072 757 3083 —-
787 3047 921 3097 oratores
943 3058 1053 3120 quoque
1082 3039 1145 3117 [pa-

63 3120 141 3180 riter
159 3131 246 3203 atque
266 3120 436 3200 citharoedi]
463 3142 515 3196 ea,
548 3142 624 3202 quae
649 3124 819 3203 priusquam
842 3138 961 3178 causam
984 3117 1145 3176 exordian-

64 3210 127 3277 tur,
148 3201 191 3261 ad
207 3203 405 3263 conciliandos
424 3204 482 3262 sili
501 3203 630 3262 iudicum
649 3205 762 3260 animos
780 3201 1019 3282 praeloquuntur,
1041 3198 1145 3257 eodem

65 3282 265 3364 appellatione
285 3289 448 3358 signarunt.
466 3290 494 3343 5.
531 3284 631 3343 Causa
648 3285 785 3362 principii
799 3282 880 3339 nulla
896 3291 940 3339 est
960 3282 1034 3353 alia,
1056 3301 1146 3361 quam

66 3375 102 3426 ut
121 3365 296 3438 auditorem,
317 3369 429 3447 quasit
450 3366 532 3425 nolris
552 3365 581 3424 in
602 3368 707 3423 ceteris
721 3363 857 3443 partibus
879 3361 1142 3435 accommodatior,

62 3441 287 3529 praeparemus.
328 3446 366 3504 Id
375 3444 451 3525 fieri
469 3448 563 3506 tribus
583 3449 714 3504 masinae
734 3443 819 3502 rebus
840 3476 877 3488 -
897 3453 1029 3509 constat,
1049 3445 1077 3500 si
1083 3443 1147 3525 ‘de-

65 3528 211 3602 neoolurn,
232 3524 385 3602 attentum,
403 3528 527 3587 docilem
539 3524 710 3606 fecerimus.
751 3524 823 3582 Ern.
843 3524 912 3582 Lex.
927 3523 1026 3592 techa.
1045 3524 1109 3583 Lat.
1123 3545 1148 3583 s.

61 3609 247 3690 prinu‘pium.

151 3688 350 3772 narrationis]
372 3687 433 3752 Cic.
458 3691 493 3750 de
515 3690 599 3752 Orat.
619 3690 655 3762 ll,
678 3693 728 3761 80,
751 3690 810 3745 326
833 3706 875 3764 sq.
908 3684 1013 3760 Quint.
1035 3687 1085 3758 tv,
1108 3691 1148 3759 2.,

67 3767 154 3829 uude
167 3769 238 3830 haec
255 3783 366 3831 tantum
387 3772 559 3832 transierim
580 3792 596 3830 e
614 3768 642 3853 §-
662 3773 711 3828 st.
752 3766 899 3828 Narratio
921 3775 963 3824 est
985 3768 1030 3824 rei
1040 3763 1148 3844 sactae

67 3860 123 3910 out
144 3862 177 3911 ut
188 3849 298 3930 sactae
318 3855 397 3913 utilis
412 3853 456 3911 ad
473 3850 708 3935 persuadendum
730 3850 892 3928 expositio:
922 3847 983 3919 ool,
1005 3847 1149 3932 uthpol-

68 3930 192 3991 lodorus
208 3929 301 4011 finit,
328 3937 423 3994 oratio
452 3934 555 3995 doeens
584 3931 770 4002 auditorem,
799 3929 869 4008 quid
895 3931 925 3986 in
955 3932 1151 3988 controuersia

69 4016 118 4072 sit.
158 4011 237 4072 Earn
253 4015 385 4097 plerique
404 4019 562 4096 scriptores
583 4048 620 4061 -
645 4013 742 4073 uolunt
762 4030 824 4068 esse
846 4010 996 4085 lucidam,
1023 4011 1150 4083 luerem,

70 4095 270 4156 uerisimilem.
298 4130 336 4143 -
391 4094 507 4157 Eadem
534 4095 615 4158 nabis
640 4095 741 4174 placet
768 4091 880 4152 divisio.
928 4092 1001 4150 Ero.
1026 4091 1046 4150 l.
1075 4091 1094 4149 Ι
1126 4112 1150 4150 s.

74 4178 222 4236 narratio.
