2654 4650
407 244 487 330 Cap.
510 246 622 309 XVII.
659 245 788 311 XVIII.
1074 255 1135 313 107
1202 258 1206 265 ’

48 418 144 469 mum
160 387 302 471 duravit.
354 399 404 472 Ne
429 399 585 475 dividatis
608 401 776 475 saeculum
803 419 834 476 ct
852 404 1008 503 antiquos
1027 431 1065 479 nc
1082 432 1137 478 re-

52 507 138 569 teres
163 496 315 571 vocitetis
330 515 502 588 oratores,
528 528 614 601 quos
642 502 823 575 eorundem
847 503 1017 574 hominum
1038 529 1148 585 aures,

54 619 238 692 agnoscere
263 624 302 672 ac
327 597 415 671 velut
440 602 644 698 coniungere
667 617 696 673 et
725 601 882 703 copulare
906 617 1096 707 potuerunt.

437 782 467 840 0
486 798 512 840 u
530 799 570 854 ιι.
609 782 753 840 xvm.

150 892 243 988 Haec
266 894 344 971 ideo
389 898 526 986 raediti
550 914 597 986 ut,
621 897 649 972 si
673 925 740 998 qua
765 904 805 972 ei
821 897 940 973 horum
965 915 1137 973 oratorum

41 989 142 1065 famu
167 993 341 1097 gloriaque
361 925 434 1097 idos
456 996 666 1099 temporibus
692 996 1136 1103 acquiritpr‚eonden1do-

36 1161 133 1225 Ann.
154 1165 219 1236 xit,
239 1169 289 1229 41.
309 1167 493 1252 ibtq.1tup.‚
515 1168 595 1248 quod
615 1179 712 1227 tamen
735 1166 891 1228 discrimen
907 1189 923 1227 n
939 1165 1135 1248 scriptoribus

31 1246 276 1325 punctionibus
305 1271 390 1330 saepe
420 1250 587 1331 neglectum
614 1249 756 1310 videmus.
805 1246 850 1309 cf.
872 1250 990 1309 Broter.
1011 1251 1136 1311 Excurs.

33 1326 87 1387 ad
109 1326 139 1387 lr.
162 1328 182 1387 Ι.
203 1329 321 1390 Ruunt.
349 1331 448 1392 Schol.
470 1333 506 1391 ad
534 1332 616 1391 Suet.
638 1330 721 1391 Caes.
744 1336 793 1390 27.
826 1329 974 1391 Schwarz.
1004 1331 1040 1391 ad
1060 1329 1137 1391 Pliu.

28 1406 160 1492 l’aueg.
180 1415 230 1472 25.
251 1422 281 1471 et
296 1414 417 1473 Excurs.
437 1420 486 1473 30.
514 1414 534 1472 Ι.
554 1413 769 1473 Zimmermann
789 1413 825 1472 de
837 1411 988 1494 congiario
1008 1412 1044 1473 ed
1058 1410 1135 1472 Plin.

29 1488 160 1574 I’eueg.
184 1497 232 1552 25.
258 1493 436 1578 vitemberg.
462 1501 549 1559 1712.
570 1499 598 1556 4.
982 1507 992 1515 “

135 1589 266 1668 duravit]
297 1593 316 1650 Ι.
338 1613 362 1651 e.
379 1594 469 1652 vitam
489 1592 638 1674 produxit.
658 1592 776 1652 Dicitur
796 1590 832 1650 de
846 1589 1034 1661 hominibus:
1057 1590 1138 1652 Anu.

35 1666 103 1744 ]ΙΙ,
127 1675 176 1730 16.
198 1693 223 1731 c.
244 1685 344 1732 annot.
367 1676 442 1755 Rup.
471 1697 562 1757 neque
589 1686 689 1734 tamen
718 1674 846 1733 occulere
872 1672 960 1730 debui
978 1684 1136 1733 narratum

41 1751 93 1809 ad
113 1754 170 1826 iis,
200 1757 252 1836 qui
270 1766 401 1815 nostram
422 1756 466 1815 ad
491 1761 638 1815 iuventam
659 1756 847 1814 duraverunt.
890 1753 991 1812 Germ.
1013 1761 1062 1814 30.
1083 1754 1137 1815 ubi

39 1850 83 1891 Ἰ.
99 1833 187 1894 lless.
219 1835 323 1910 Quint.
344 1839 394 1915 ΙΙΙ,
418 1843 451 1916 1,.
469 1843 496 1898 9.
518 1835 678 1922 (Gorgias)
700 1838 780 1895 ultra
795 1837 949 1895 Socratem
971 1856 1059 1918 usque
1079 1836 1136 1896 du·

45 1918 140 1975 ravit.

133 2013 181 2076 Ne
202 2014 341 2077 dividatis
360 2051 401 2064 -
419 2018 587 2098 potuerunt]
616 2017 671 2077 Ed.
693 2015 767 2078 Cod.
781 2018 867 2075 Fara.
888 2035 984 2074 ne-
1008 2016 1139 2074 vocitetis

42 2109 229 2177 :receperunt
249 2098 338 2159 Bekk.
367 2100 449 2158 Biitt.
470 2100 592 2159 Wolch.
621 2099 695 2159 Ritt.
722 2098 890 2179 Buca-pro
918 2096 998 2180 vulg.
1019 2115 1073 2155 nee
1095 2131 1136 2146 -

58 2183 170 2237 vocetis.
213 2179 280 2238 Non
310 2179 427 2240 silentio
456 2180 712 2262 praetermittenda
740 2192 785 2239 est
807 2179 975 2239 coniectura
1001 2178 1037 2238 ab
1058 2176 1137 2237 Eck-

57 2258 161 2333 steinio
183 2260 345 2341 proposita,
364 2261 395 2321 in
416 2284 502 2342 quom
517 2263 745 2343 inciditquoquc
767 2263 815 2320 l'r.
829 2261 953 2319 Hessius
975 2260 1006 2318 in
1022 2269 1136 2319 annott.

57 2361 122 2400 mss.
144 2363 258 2402 mecum
272 2343 510 2418 communicatis,
528 2365 583 2425 pro
606 2354 716 2402 veteres
734 2342 889 2425 legendum
908 2362 973 2400 esse
993 2350 1136 2416 recentes,

76 2423 180 2483 τίωιιπι
202 2424 300 2504 quod,
330 2424 498 2505 ubicunque
527 2425 667 2485 adiectiva
695 2433 775 2482 oetus
804 2434 834 2482 et
855 2426 991 2504 antiquus
1012 2421 1042 2480 in
1064 2421 1137 2482 Dia-

68 2524 123 2587 ogo
158 2509 204 2565 15.
229 2512 274 2565 16.
309 2517 339 2564 et
367 2506 443 2587 apud
468 2506 540 2565 alios
567 2505 625 2564 scri
647 2517 727 2563 tores
755 2504 830 2562 Plio.
853 2504 959 2584 Panog.
986 2493 1033 2561 ss.
1059 2503 1136 2583 Epp.

56 2586 104 2659 ΙΙΙ,
126 2592 154 2646 6.
175 2587 224 2645 vd.
243 2588 380 2648 Doederl.
403 2589 464 2646 Lat.
484 2589 557 2670 Syn.
578 2528 645 2645 Vei.
668 2588 716 2643 ΙΙΙ.
747 2607 776 2665 p.
797 2586 844 2643 84.
872 2583 1026 2664 legantur,
1055 2593 1137 2642 vetus

34 2667 202 2749 proenritti
218 2669 321 2740 soleat,
342 2670 446 2729 deinde
468 2670 549 2747 quod
572 2666 717 2727 sententia
737 2665 794 2726 loci
815 2663 937 2746 flagitet,
960 2665 1050 2745 quim
1071 2685 1136 2725 sae·
1175 2698 1187 2705 -

56 2749 153 2809 sulum
174 2769 235 2808 non
257 2750 420 2826 dividatur,
444 2751 500 2809 nisi
521 2752 636 2832 antiqui
656 2770 688 2815 ac
709 2756 840 2807 recentes
860 2744 1057 2827 copulentur,
1080 2765 1137 2805 uo-

54 2851 180 2911 menque
199 2831 332 2912 ineptum
355 2832 411 2907 sit,
437 2831 462 2892 si
482 2832 559 2893 idem
581 2830 671 2891 horno
693 2842 808 2889 veteres
829 2850 894 2888 curn
914 2827 990 2902 iliis,
1013 2827 1063 2907 qui
1084 2844 1137 2889 sna

53 2924 146 2973 aetate
166 2912 282 2988 vivant,
317 2913 499 2996 coniungere
520 2913 624 2995 possit.
666 2911 716 2971 stc
742 2916 879 2995 antiquus
908 2909 1054 2969 contrarie
1083 2909 1137 2968 lra-

52 2990 226 3054 betadiect.
257 2993 304 3054 vel
324 3016 426 3054 reeens
448 2994 495 3055 vel
522 3017 619 3055 nouus.
650 2993 751 3076 Agric.
780 2999 825 3053 10.
869 2991 969 3051 Livius
993 2997 1134 3067 veterum,

52 3075 165 3135 Fadius
191 3077 329 3136 Rusticus
357 3081 516 3136 recentium
550 3078 779 3157 eloquentissimi
811 3083 949 3133 auctores
985 3082 1137 3131 vocantur.

52 3154 128 3216 Plin.
150 3157 224 3238 Epp.
247 3159 323 3231 Vlll,
347 3160 393 3218 14.
417 3162 467 3218 eui
484 3180 599 3241 semper
609 3156 673 3236 fuit
694 3176 784 3216 curae
812 3160 854 3215 sic
868 3157 941 3212 iura
958 3154 1079 3236 publiea
1104 3161 1139 3212 ue

50 3241 189 3315 parata,
216 3242 260 3298 sie
288 3243 411 3322 antiqua
437 3250 469 3299 ut
496 3243 627 3299 recentia
655 3249 798 3298 tractare.
850 3234 955 3310 Quint.
976 3235 1011 3308 ΙΙ,
1033 3243 1064 3309 5,
1086 3238 1136 3293 23.

51 3323 199 3381 suaserim
221 3330 251 3379 et
271 3318 404 3403 antiquos
426 3323 522 3396 legere
539 3356 576 3368 -
596 3331 625 3379 et
644 3341 740 3378 novos.
764 3352 802 3362 —
843 3316 941 3383 Verba
963 3320 1137 3392 coniungere
1204 3378 1208 3382 ,

52 3412 83 3461 et
104 3403 244 3484 copulare
265 3403 421 3463 coniuncta
441 3403 581 3486 leguntur
600 3400 660 3462 Cic.
682 3401 766 3460 Finn.
789 3400 825 3474 ΙΙ,
848 3401 897 3472 14,
920 3400 970 3458 45.
1068 3396 1073 3406 ’

124 3510 195 3594 Cep.
216 3515 321 3579 XVlll.
359 3517 388 3574 si
413 3535 472 3596 qua
498 3535 536 3575 ea
563 3515 668 3573 lrorum
690 3545 726 3573 -π
749 3509 924 3592 acquiritur]
973 3504 1137 3591 Aequirere

50 3592 70 3659 i·
92 3616 121 3674 q.
144 3616 329 3676 comparare,
346 3607 500 3676 ,quaerere
520 3597 567 3656 vd.
589 3595 670 3655 Suet.
691 3590 792 3659 Claud.
816 3597 863 3651 36.
891 3611 977 3672 quum
999 3589 1136 3649 adultero

51 3676 127 3737 Silio
144 3681 262 3760 acquiri
279 3681 433 3758 imperium
453 3677 633 3737 credidisset.
661 3674 763 3741 lustin.
783 3674 833 3747 ΙΙΙ,
855 3677 882 3731 6.
904 3669 1061 3735 dummodo
1078 3671 1136 3731 ini-

9 3792 15 3805 ·
50 3760 138 3827 micis
157 3763 219 3819 suis
232 3760 330 3818 lrostes
349 3762 539 3840 acquirerent.
556 3764 584 3818 7.
597 3765 749 3839 sperantes
768 3755 921 3836 acquirere
941 3773 972 3817 sa
993 3753 1038 3809 illi
1048 3768 1136 3831 posse

49 3848 107 3899 aut
124 3841 290 3920 perieulum
309 3860 348 3913 ex
363 3840 474 3900 invidia
487 3850 541 3901 aut
553 3861 590 3898 ex
603 3841 763 3920 suspicione
776 3833 952 3917 proditionis
971 3829 1136 3911 infamiam.

50 3918 128 3981 Ptin.
149 3921 225 4002 Epp.
246 3922 269 3996 Ι,
294 3926 342 3995 10,
365 3927 392 3981 6.
414 3943 489 4005 quae
510 3924 578 3982 lieet
589 3918 722 4000 fortuita
742 3927 771 3976 et
791 3919 893 3977 inania
913 3923 1072 3999 putentur,
1092 3913 1140 3979 illi

48 4011 152 4062 tamen
172 4005 331 4084 plurimum
348 4007 541 4063 venerationis
553 4005 764 4083 acquirunt.--
785 4001 874 4057 Voce.
882 3993 990 4076 samaa
1004 3997 1136 4072 gloriae-

47 4103 105 4225 que
126 4084 284 4153 coniuncta
309 4082 367 4166 legi
393 4083 461 4143 Sall.
487 4086 550 4180 lug.
574 4086 594 4147 4
614 4094 646 4143 et
665 4085 716 4151 48.
757 4077 833 4142 Ptin.
854 4076 929 4162 Epp.
950 4078 1004 4157 Vl,
1030 4081 1085 4155 29,
1105 4078 1136 4135 3.

74 4186 158 4249 aueg.
181 4169 230 4226 10.
247 4164 401 4227 manarit
418 4164 567 4228 Eckstern.
