2634 4656
448 294 451 299 '
506 286 584 368 Cap.
608 284 702 350 XIII.
1098 292 1141 351 81.

463 437 592 511 (inlu
625 439 773 513 xm„

158 540 212 613 Ac
236 565 279 611 ne
297 537 472 611 fortunam
487 539 633 636 'quidem
658 556 768 611 vatum
792 553 824 610 et
846 537 931 611 illud
955 536 1033 612 felix
1057 565 1139 617 eon·¹

55 638 253 711 tuberoinm
274 664 473 737 ,comparare
507 639 673 713 timuerim
699 665 775 712 cum
805 637 954 738 inquieta
986 653 1018 711 et
1042 639 1140 713 unxia

56 754 229 810 oratorum
245 737 320 809 vile.
371 736 463 810 Licet
487 736 561 809 illos
587 738 767 810 certamina
790 755 822 810 et
844 735 993 837 pericula
1013 765 1073 811 sue
1093 737 1141 815 nd
1239 742 1245 756 '

56 834 253 909 consulatus
276 836 457 923 evexerint,
492 834 579 908 malo
604 863 758 910 securum
786 852 817 908 et
840 835 986 934 quietum
1007 835 1140 932 Virgilii

57 960 247 1023 secessum,
274 934 308 1005 in
332 962 400 1033 quo
423 952 533 1007 temen
555 963 663 1035 neque
690 933 781 1035 apud
807 936 927 1006 Divum
947 933 1140 1033 Augustani

58 1032 168 1128 gratia
202 1033 307 1105 caruit
325 1061 446 1132 ¹neque
476 1033 567 1133 apud
598 1033 758 1149 populum
792 1034 980 1106 Romanum
996 1032 1142 1123 taetitia.

57 1132 177 1204 Testes
203 1132 348 1228 Augusti
378 1133 552 1232 epistolae,
579 1149 672 1205 testrs
697 1134 770 1233 ipse
795 1132 962 1233 populus,
995 1132 1053 1233 qui
1077 1161 1139 1206 au-

57 1294 136 1354 Enn.
157 1293 236 1353 bled.
259 1316 287 1374 p.
310 1298 358 1354 78.
380 1294 484 1369 Quint.
507 1296 547 1369 X,
569 1299 596 1370 1,
619 1300 667 1355 98.
714 1294 781 1353 Iam
813 1296 897 1354 Varii
916 1294 1054 1377 Tbyestes
1075 1297 1141 1369 cuiq

59 1376 131 1435 libet
152 1376 339 1439 Graecarum
361 1381 533 1457 comparari
548 1386 652 1459 potest.
695 1376 793 1436 Ouidii
805 1377 914 1447 Medea
935 1376 1048 1434 uidetur
1067 1376 1141 1435 milu

35 1455 231 1530 .osteudere{
260 1467 399 1539 quantum
423 1460 471 1517 ille
493 1462 536 1517 eir
558 1467 717 1538 praestare
733 1461 878 1538 potuerit,
905 1461 933 1515 si
951 1460 1065 1531 iugenio
1085 1478 1139 1516 suo
1219 1502 1228 1515 .
1260 1524 1264 1533 ¹

30 1542 33 1553 '
59 1542 184 1619 operari
238 1558 288 1597 am
310 1538 459 1613 indulgere
487 1540 645 1599 maluisset.
668 1572 705 1583 —
746 1539 781 1598 L.
815 1541 935 1612 Varius,
964 1548 1048 1598 natus
1070 1544 1140 1599 672.
1208 1536 1216 1547 ⁹

58 1620 99 1679 U.
119 1616 154 1679 C.
223 1619 346 1689 .lllario
369 1632 400 1681 et
420 1618 474 1681 Cn.
496 1620 590 1700 Papir.
613 1618 747 1680 Carbone
769 1622 815 1677 lll.
838 1616 941 1694 Coss,
963 1630 1050 1678 mort.
1072 1631 1140 1680 ante

59 1721 85 1761 a.
116 1704 206 1775 745„
235 1698 285 1779 qui
302 1722 407 1782 ¹magne
428 1702 504 1781 apud
524 1704 691 1782 Augustum
716 1711 746 1759 ct
768 1701 946 1760 lllaceuatem
966 1700 1058 1782 gratia
1082 1698 1141 1760 tlo-

60 1780 166 1856 rebet‚
189 1780 312 1841 Horatio
336 1781 399 1863 (vt.
421 1781 516 1843 Canu.
539 1785 561 1855 1,
584 1788 611 1840 6.
629 1783 688 1841 Sat.
710 1783 732 1854 1,
756 1786 794 1840 10
825 1780 907 1861 45.),
936 1803 1022 1861 quem
1042 1783 1141 1842 Mace-

60 1862 125 1923 nati
155 1862 424 1939 commendaverat,
453 1876 482 1923 et
509 1863 635 1945 Virgilio
663 1861 779 1945 (Eclog.
800 1867 830 1937 9,
850 1865 914 1940 45.)
939 1860 1142 1941 amicissimus,

60 1942 240 2005 carminibus
261 1954 303 2002 tre
326 1944 378 2004 icis
400 1957 430 2005 et
451 1944 539 2025 epicis
562 1944 675 2020 clareas,
704 1946 761 2005 scri
784 1941 822 2003 sit
844 1943 1010 2027 Tbyestem'
1025 1955 1143 2026 tragoe-
1179 1970 1183 1981 .

61 2026 153 2097 diam,
172 2046 286 2085 carmen
304 1967 339 2085 ie
354 2027 452 2086 lllnrte
469 2024 658 2108 (ele'Caesaris
675 1967 787 2106 medei,
802 2024 1016 2110 Panegyricum
1035 2023 1065 2083 in
1076 2025 1141 2085 Au-

58 2118 182 2190 gustum
200 2119 230 2166 et
243 2106 367 2165 carmina
383 2108 471 2188 epica.
493 2106 538 2167 cf.
555 2108 750 2167 doctissimam
769 2119 923 2166 comment.
945 2106 980 2166 ab
1000 2107 1036 2165 A.
1050 2106 1143 2167 Wei-

61 2188 157 2249 ebert
180 2187 217 2247 de
239 2188 271 2246 L.
293 2188 374 2247 Varii
394 2189 504 2249 vitaet
522 2188 698 2248 carminibus
723 2187 817 2248 Grim.
839 2193 925 2248 1836.
947 2194 975 2247 8.
997 2187 1111 2248 editam.

95 2344 100 2355 ,
129 2282 200 2364 Cap.
221 2285 297 2345 Xlll.
336 2295 366 2346 et
379 2287 454 2345 illua
463 2284 543 2364 felia·
560 2287 778 2347 contubernium
801 2306 976 2366 comparare
996 2288 1143 2359 timuerim

62 2386 132 2427 cum
159 2369 288 2447 iupuieta
311 2377 339 2426 et
360 2372 454 2441 auxia
475 2378 626 2427 oratorum
650 2365 726 2448 vita]
755 2367 840 2427 Felix
861 2367 1076 2427 contubernium
1096 2366 1145 2426 vd.

61 2445 175 2509 Diale
197 2487 204 2502 ·
226 2452 273 2506 12.
317 2448 431 2508 Timere
459 2447 509 2529 (ut
530 2448 605 2507 Dial.
626 2455 675 2507 27.
699 2445 806 2526 vereri)
834 2447 853 2504 i.
875 2469 902 2526 q.
929 2446 1062 2507 dubitare
1083 2467 1146 2527 seq.¹
1228 2478 1237 2495 ι

61 2527 151 2588 lnfin.
170 2469 246 2586 itin.
265 2528 340 2609 Epp.
361 2531 413 2605 IV,
435 2535 462 2589 9.
484 2530 561 2612 quad
581 2526 714 2608 earfiteri
733 2531 875 2587 timerem.
896 2529 1002 2609 Paneg.
1018 2532 1066 2587 89.
1090 2549 1147 2588 neu

59 2611 190 2672 timuisti
211 2609 318 2684 eligere
336 2613 495 2681 meliorem.
1102 2630 1105 2635 ‘

146 2706 232 2767 Licet
253 2708 318 2767 illos
336 2712 499 2785 certamina
520 2717 549 2766 et
566 2707 701 2789 pericula
720 2727 776 2768 sua
794 2706 837 2766 ael
858 2706 1022 2767 consulatus
1042 2724 1148 2767 evexe-

63 2784 147 2927 rimi
181 2787 354 2847 Certamiua
383 2788 402 2847 i.
422 2811 449 2868 q.
470 2810 572 2848 causae
592 2788 725 2849 forenses
753 2789 801 2849 vd.
827 2801 927 2849 annot.
946 2789 982 2848 ad
1001 2787 1077 2847 Dial.
1099 2793 1147 2847 10.

63 2869 128 2931 Eu
149 2890 199 2928 ere
219 2869 325 2951 poetic.
349 2881 410 2929 est:
435 2871 508 2929 Hor.
526 2869 622 2930 Carm.
638 2873 659 2944 Ι,
679 2875 707 2946 1,
724 2875 752 2931 5.
771 2873 929 2954 palmaque
949 2870 1053 2930 erabilis
1073 2869 1148 2929 Ter·

64 2970 172 3011 rarum
191 2950 321 3010 domium
342 2952 436 3009 eeeleit
456 2951 498 3011 ad
517 2951 593 3011 deos.
616 2951 698 3034 Virg.
714 2951 788 3012 Aen.
805 2956 856 3026 Vl,
876 2959 942 3011 130.
963 2961 1017 3010 aut
1037 2951 1148 3011 ardens

20 3046 24 3051 ·
65 3033 167 3091 evexit
184 3032 228 3090 ad
246 3033 372 3097 aeilrera
393 3035 491 3092 uirtus.
520 3032 595 3092 Vell.
616 3034 678 3092 Pat.
699 3035 736 3109 11,
758 3039 805 3092 90.
841 3034 936 3114 Quem
955 3029 1147 3113 (Agrippam)

66 3131 157 3194 usque
183 3116 215 3173 iu
233 3117 352 3183 tertium
372 3115 551 3179 consulatum
579 3123 609 3173 et
631 3136 699 3174 maa
729 3116 879 3188 collegium
901 3115 1076 3173 tribuniciae
1094 3130 1160 3194 paq·

64 3196 186 3254 testatis
200 3197 349 3265 ‚amicitia
371 3192 513 3277 priniipis
543 3207 691 3255 evexerat.
729 3196 888 3257 Markland.
914 3196 951 3256 ad
978 3195 1052 3254 stat.
1074 3192 1149 3257 silv.

64 3277 170 3350 111,3,
193 3280 240 3335 76.
261 3296 264 3305 ·
462 3294 466 3301 “
1028 3330 1033 3343 ,
1139 3334 1143 3341 ,

152 3373 231 3433 malo
250 3392 383 3432 securum
404 3382 432 3432 et
451 3376 578 3455 quietum
602 3372 717 3447 Vergilii
732 3370 895 3455 secessum]
916 3369 1009 3434 Codcl.
1030 3374 1151 3433 Farnes.

67 3449 162 3534 (teste
179 3452 339 3534 Niebuhr.)
356 3455 463 3515 Vaticc.
477 3456 551 3514 Edd.
567 3454 681 3515 Dronk.
697 3452 807 3514 Osann.
824 3455 914 3515 Bekk.
927 3455 1044 3517 Waltb.
1060 3455 1150 3525 ltiu.;

68 3554 206 3594 securum
231 3545 260 3592 et
279 3546 423 3594 secretum
439 3534 538 3597 codd.
560 3535 645 3594 Farn.
674 3533 765 3616 (teste
785 3535 957 3618 Scbluttig.)
978 3539 1042 3596 Per.
1063 3533 1152 3595 Vina.

69 3626 102 3675 01
120 3615 205 3696 reliq.
226 3616 300 3675 Edt.
318 3618 398 3677 Leet.
418 3621 543 3697 quietum
564 3615 807 3696 ideo-improbata
826 3630 871 3677 est
893 3617 985 3678 Orell.
1007 3628 1037 3676 01
1051 3614 1152 3691 Raab,

68 3696 152 3777 quod
178 3697 333 3763 antecedat
353 3702 490 3780 inquieta
523 3709 553 3757 et
584 3695 677 3756 Codd.
708 3699 815 3758 Vaticc.
847 3698 977 3780 vulgaria
1012 3695 1154 3757 vocabula

54 3776 313 3857 'exquisitioribus
334 3777 523 3838 substituant
566 3782 608 3837 Ae
635 3780 699 3857 quis
721 3777 795 3838 serat
815 3778 1039 3859 cacophoniem:
1068 3798 1154 3837 secu-

67 3879 136 3917 rum
154 3892 192 3904 -
205 3870 352 3922 secretum
366 3896 405 3907 -
421 3860 591 3919 secessum?
622 3860 776 3919 Praeterea
792 3861 866 3920 Dial.
884 3866 931 3919 16.
948 3860 1064 3941 legitur·
1071 3863 1154 3943 quie·

68 3942 109 4000 tie
131 3950 162 3998 et
181 3943 351 3999 securitatis
371 3945 530 4000 excusatio.
553 3939 616 3999 Liv.
640 3942 778 4016 ΧΧΧΙΧ,
804 3947 829 4000 11.
851 3945 977 4024 quietum
1001 3953 1055 4001 aut
1073 3963 1155 4001 secu·

68 4043 145 4081 rum.
174 4019 251 4079 Plin.
271 4020 345 4100 Epp.
367 4024 418 4096 vl,
440 4028 468 4080 8.
494 4044 581 4105 quum
607 4024 646 4079 sit
667 4022 740 4079 milei
762 4043 853 4082 curae
873 4023 1035 4098 modestia,
1064 4026 1160 4107 quiea!

68 4104 215 4162 securitas
233 4105 303 4161 eius.

153 4182 471 4266 AuttffltiEpoeelae]
494 4183 540 4245 Cl.
563 4179 911 4253 Eckstein.ad,h‚1‚02
932 4183 971 4253 A,
986 4160 1156 4250 Wepffl
1193 4200 1199 4211 ,
1245 4198 1259 4271 Ι.

302 4280 305 4287 ,
378 4333 381 4336 Ι
465 4315 471 4327 ,
924 4278 948 4338 6
