2634 4656
116 289 182 349 roo
229 308 232 315 =
436 285 592 370 manga.
611 288 649 348 o
672 285 854 348 omnen

114 442 276 516 rationem
307 437 471 540 impellat,
506 439 562 539 qui
598 438 677 528 scit,
711 439 795 540 quid
827 440 870 515 sit
898 440 1132 516 misericordia
1155 458 1187 517 et

115 543 240 644 quibus
263 540 363 613 animi
387 539 532 627 motibus
553 540 742 617 concitetur.
797 541 836 613 In
861 542 914 614 his
939 541 1068 614 artibus
1091 570 1187 617 exer·

116 640 394 739 citationibusque
418 656 566 712 versatus
599 655 710 711 orator
735 639 802 713 sive
827 641 918 742 apud
943 642 1083 715 infestos
1117 644 1198 725 sire¹

116 740 207 859 apud
239 737 379 839 cupidos
409 739 477 812 sive
508 737 598 837 apud
634 737 816 813 invidentes
848 742 915 814 sire
950 743 1042 841 apud
1072 744 1184 837 tristes

114 869 184 915 srve
207 839 298 941 apud
330 837 493 913 timentcs'
516 838 693 910 dicendum
721 837 890 928 habuerit,
930 842 1056 914 tenebit
1082 868 1184 915 venas

8 984 14 999 ·
58 938 60 943 Α
114 941 319 1025 animorum,
353 955 385 1011 et
408 952 509 1040 prout
533 938 694 1037 cuiusque
718 956 834 1011 natura
860 941 1098 1040 postulaverit,
1125 942 1184 1015 ad·

116 1040 244 1113 hibcbit
265 1066 396 1111 manum
423 1055 462 1111 et'
476 1036 670 1136 temperabit
692 1039 872 1112 orationem
888 1058 1003 1142 parato
1023 1041 1116 1114 omni
1134 1043 1189 1115 in:

116 1154 300 1214 strumento
332 1155 362 1211 et
399 1139 442 1210 ad
474 1164 603 1210 omnem
637 1139 916 1239 usumreposito.
954 1180 960 1245 '.
975 1141 1063 1214 Sunt
1094 1138 1182 1243 apud

115 1289 253 1354 iram'iu
279 1287 353 1350 Cod.
373 1291 453 1360 Par.;
480 1288 596 1372 uulgata
611 1276 693 1372 puid
712 1293 760 1349 ira
779 1289 903 1352 debetur
929 1292 1025 1374 Lips,
1053 1293 1129 1376 quid
1146 1296 1184 1354 sit

115 1380 165 1438 ira
183 1371 340 1457 proposuit
359 1370 451 1432 Oceli.
691 1394 695 1401 ·
815 1442 819 1448 .

196 1458 247 1538 qui
260 1458 329 1524 scit,
351 1454 420 1536 quid
438 1454 486 1532 sit]
516 1452 566 1513 Sic
586 1453 686 1514 Germ.
708 1457 755 1515 40.
777 1455 850 1536 quid
868 1459 907 1515 sit
926 1456 966 1516 id.

64 1608 67 1615 ¹
137 1581 140 1587 ,
197 1540 257 1597 sire
276 1535 357 1618 apud
375 1537 493 1617 cupidos
512 1539 570 1594 sioe
592 1536 859 1619 apud'inoidentes]
889 1538 962 1598 Dial.
983 1542 1033 1600 34.
1053 1559 1093 1599 etr
1111 1543 1183 1599 inci·

46 1626 53 1637 ‘
116 1622 163 1682 dis
182 1631 211 1680 et
220 1618 396 1699 fouentibus.
438 1618 564 1699 Cupidus
584 1617 603 1676 l.
626 1641 653 1699 q.
673 1618 799 1700 partium
819 1619 939 1682 alicuius
961 1621 1116 1683 studiosus
1136 1622 1183 1684 rd.

109 1701 234 1766 nutat.
255 1699 353 1761 Schol.
375 1701 410 1760 ad
430 1701 511 1777 Suet.
532 1697 613 1760 Caes.
636 1706 683 1760 12.

49 1781 52 1799 ⁵
196 1783 302 1844 tenebit
324 1802 410 1841 oenus
429 1782 604 1860 animorum]
638 1780 731 1842 Codd.
757 1783 843 1843 Fam.
871 1784 980 1845 Vaticc.
1006 1786 1072 1846 Par.
1093 1785 1182 1847 Viud.

116 1867 189 1930 Edd.
210 1865 287 1947 Spir.
311 1863 401 1924 Orell.
422 1864 512 1925 Betk.
532 1876 562 1923 et
582 1884 680 1944 seqq.,
712 1885 767 1944 pro
788 1886 848 1946 quo
876 1868 1016 1926 emendat.
1038 1869 1106 1928 Put.
1128 1870 1183 1928 lut·

116 1953 205 2011 henos
221 1946 396 2030 (metaphor.
412 1944 447 2005 ab
462 1944 569 2026 aurigis
585 1946 684 2026 ducta)
700 1960 767 2007 cett.
787 1949 860 2007 End.
881 1950 972 2008 secuti
993 1960 1072 2009 suut.
1102 1951 1182 2011 Beue

115 2033 182 2094 lect.
202 2029 295 2091 Codd.
313 2028 406 2088 tuitus
427 2039 473 2086 est
490 2028 676 2088 Doederlein.
697 2028 802 2089 Rhein.
822 2031 898 2089 Mu's.
917 2035 964 2088 111.
987 2037 1012 2090 1.
1033 2054 1063 2111 p.
1083 2038 1126 2091 20
1139 2054 1181 2113 sq.

116 2116 161 2175 ed.
182 2110 323 2172 Niebuhr.
345 2111 452 2170 docens
474 2110 540 2168 Tac.
562 2108 692 2170 hausisse
711 2131 728 2169 e
748 2111 830 2171 sonte
851 2101 910 2172 Cic.
932 2113 967 2172 de
990 2113 1073 2172 Orat.
1089 2117 1114 2188 1,
1131 2119 1181 2190 52,

114 2203 185 2260 223.
229 2193 337 2252 Teneat
359 2201 473 2273 oportet
496 2211 581 2249 uenas
603 2196 737 2274 cuiusque
755 2197 886 2267 generis,
915 2198 1044 2270 aetatis,
1072 2195 1182 2256 ordinis

116 2289 269 2349 eteorum,
289 2275 374 2354 opud,
387 2295 457 2357 quos
477 2273 591 2354 aliquid
609 2284 678 2347 aget
692 2285 744 2332 out
765 2280 821 2334 erit
840 2289 970 2350 acturus,
987 2287 1098 2336 mentes
1113 2299 1183 2339 sen-

115 2381 218 2442 susque
239 2359 376 2432 degustet.
407 2353 450 2415 cf.
465 2352 648 2415 Klossmanu.
669 2357 803 2439 Prolegg.
820 2379 848 2438 p.
865 2365 893 2416 ὅ.
908 2361 999 2419 ¹Haec
1012 2359 1182 2439 metaphora

117 2445 266 2521 desumpta
287 2462 301 2499 a
322 2457 446 2519 corpore
473 2437 616 2511 humano,
645 2449 679 2498 ut
699 2451 777 2499 recte
803 2439 945 2499 intellexit
965 2441 1001 2500 0.
1024 2441 1065 2500 Μ.
1086 2440 1182 2503 Muel-

115 2526 168 2586 ler.
189 2524 222 2583 ad
245 2521 304 2582 Cic.
325 2521 373 2593 ll.,
400 2541 459 2579 non
481 2541 496 2578 a
516 2519 657 2594 metallis,
677 2533 726 2582 ut
742 2523 857 2581 Ernest.
887 2522 1021 2603 opinatus
1042 2535 1108 2600 est,
1135 2525 1180 2584 iu-

116 2608 190 2669 dicat
218 2615 375 2664 accuratam
403 2601 519 2661 intimae
540 2615 657 2661 naturae
680 2604 920 2683 diversorumque
949 2604 1095 2664 sentiendi
1117 2627 1182 2666 mo·

32 2739 36 2753 .
116 2691 220 2751 dorum
242 2685 438 2767 cognitionem
459 2683 581 2744 habere.⁴
612 2685 667 2744 vn
687 2686 833 2745 Eckstein.
855 2687 890 2745 ad
911 2686 937 2744 h.
958 2685 977 2745 l.
1021 2688 1182 2748 Venusin-

114 2781 292 2852 terpretatur
312 2766 445 2826 Schuetz.
469 2767 538 2835 Les.
567 2763 628 2826 Cic.
655 2789 679 2827 s.
701 2790 727 2828 r.
756 2781 886 2827 naturam
913 2789 1012 2827 rerum
1039 2781 1071 2828 et
1089 2769 1182 2850 quali·

111 2867 196 2916 tates.
461 2888 463 2895 ·

194 2928 400 3014 postulaverit]
422 2930 447 2988 E
470 2921 542 2990 Co‘d.
563 2930 647 2989 Fara.
668 2942 843 3012 receperunt
864 2929 952 2992 Bekls.
973 2943 1003 2991 et
1024 2954 1106 3014 seqq.
1127 2955 1182 3016 pro

113 3017 272 3102 postulabit
295 3013 470 3073 lect.·Codd.
491 3014 554 3072 Par.
576 3012 662 3073 Vind.
685 3026 715 3074 ct
741 3025 808 3073 cett.
838 3014 929 3088 Eud„
957 3036 1031 3093 quae
1057 3037 1120 3076 non
1143 3016 1182 3077 its

114 3100 237 3163 multum
258 3096 390 3177 displicet
408 3094 584 3173 Echs'tcinio.

192 3190 300 3263 parato
323 3180 401 3237 omui
423 3177 621 3254 instrumento]
656 3176 882 3236 lustramentum
909 3177 1048 3262 intelligit
1066 3179 1182 3241 Droult.

116 3265 151 3324 de
174 3262 327 3333 omnibus,
348 3258 451 3338 quibus
474 3258 684 3318 caussinstrui
704 3271 820 3339 potest,
844 3261 922 3339 quod
943 3261 1091 3344 Spalding.
1113 3262 1183 3323 alla-
1220 3252 1224 3263 ¹

113 3346 152 3407 tis
177 3343 274 3404 multis
295 3342 366 3401 locis
387 3339 561 3415 Quintiliani
582 3339 615 3399 ad
636 3345 685 3413 lV,
706 3348 734 3414 2,
761 3347 809 3401 55.
829 3343 989 3401 accuratius
1008 3343 1066 3403 dici
1086 3365 1181 3406 anno·

112 3427 204 3501 tavit,
237 3424 373 3505 quicquid
399 3422 542 3503 pertineat
570 3422 605 3481 ad
629 3421 809 3504 probandum
836 3423 942 3483 sactum
970 3425 1109 3505 aliquod,
1145 3426 1183 3488 de

114 3530 174 3593 quo
205 3507 244 3568 sit
261 3506 316 3567 lis.
363 3503 477 3565 Schulz.
498 3504 601 3585 accipit
619 3505 655 3564 de
675 3505 792 3565 materia
812 3516 842 3564 et
860 3520 1033 3587 argumento
1056 3529 1074 3568 e
1092 3506 1182 3571 disei-

112 3591 219 3676 plinis,
248 3587 369 3649 maxime
391 3586 607 3667 ephilosophia
627 3608 758 3661 morum,
787 3587 921 3668 petendo.
963 3589 1110 3670 Equidem
1134 3595 1180 3650 in-

111 3684 302 3738 strumentum
323 3693 362 3731 se.
392 3669 504 3728 dicendi
530 3669 592 3748 (vd.
613 3669 716 3743 Quint.
737 3671 801 3741 Xll,
821 3675 873 3745 111,
893 3672 942 3731 24.
969 3672 1048 3753 quod
1071 3676 1179 3733 iustru-

20 3788 23 3795 ’
113 3768 239 3818 mentum
261 3754 374 3814 dicendi
391 3753 433 3810 M.
450 3750 542 3809 Tullio
565 3749 692 3831 defriti)
714 3751 856 3832 intelligo,
879 3751 1016 3832 quicquid
1033 3775 1072 3812 ex
1086 3757 1179 3814 multa

112 3841 273 3899 eruditione
293 3846 322 3895 et
336 3831 468 3918 plurimis
488 3833 599 3891 artibus
627 3843 655 3891 et
680 3837 806 3909 omnium
827 3855 925 3893 rerum
944 3839 1069 3894 scientia
1089 3834 1178 3917 (Dial.

112 3919 187 4001 30.),
208 3920 237 3978 h.
258 3941 281 3978 e.
303 3940 319 3978 e
339 3914 538 3998 philosophia,
560 3916 757 3996 grammatica,
780 3915 907 3990 music'a,
934 3919 1110 3998 geometria,
1132 3918 1179 3977 iu-

111 4002 154 4064 ris
177 4000 267 4062 civilis
286 3998 406 4060 scientia
422 4009 474 4057 etc.
495 3997 623 4077 petitur,
652 3997 686 4056 de
707 3997 813 4077 quibus
834 3987 1036 4058 instrumentis
1057 3999 1179 4080 perlecti

111 4083 238 4154 oratoris
263 4082 298 4142 ci.
323 4080 425 4156 Quint.
446 4100 562 4159 quoque
584 4080 646 4152 Xll,
666 4084 695 4138 5.
719 4091 748 4140 et
767 4080 884 4139 Ernest.
904 4081 973 4140 Lex.
993 4080 1092 4142 techa.
1114 4083 1177 4143 Lat.

110 4191 136 4229 S·
155 4189 183 4229 V.

186 4249 263 4309 Sunt
280 4245 363 4330 apud
378 4263 454 4328 quos·
467 4276 504 4288 -
527 4243 666 4320 meretur]
699 4241 745 4303 De
766 4254 914 4305 structura
938 4243 1083 4305 formulae
1106 4254 1178 4311 sunt,
