2634 4656
501 245 741 348 cum
827 308 830 313 .
911 211 914 222 ’
1097 254 1171 337 uu-

82 395 182 495 rum]
207 397 449 498 obscuriorque
472 396 577 494 gloria
611 415 661 471 est
688 392 775 472 iuter
796 397 904 472 bonos
930 414 1038 482 mores
1064 415 1095 499 et
1117 406 1167 480 in:

80 495 451 598 obsequium'regentis
475 515 618 595 paratos.
669 497 763 594 Quid
788 499 874 572 enim
899 516 986 599 opus
1011 520 1060 576 est
1079 503 1165 579 lon-¹

73 595 135 694 gis
159 595 194 669 in
214 615 329 670 senatu
353 597 542 685 sententiis,
567 626 669 696 quum
694 598 810 697 optimi
834 599 899 692 cito
922 594 1161 679 consentiantl...
1232 670 1234 675 .
1269 677 1272 687 .

77 694 165 795 quid
196 695 306 770 multis
335 696 427 796 apud
454 695 616 813 populoru
651 697 887 788 concionibus,
911 714 1014 798 quum
1046 703 1149 797 dere

73 792 301 896 publicanon
321 796 463 896 imperiti
490 796 637 871 etmulti
665 795 858 882 deliberent,
885 797 947 883 sed
970 801 1146 902 sapientis-

74 893 182 968 simus
207 912 239 970 et
262 898 366 970 unus?
400 896 483 998 qnid
505 895 697 971 voluntariis
723 897 1008 987 accusationibus,
1042 928 1144 1000 quum

10 1046 13 1051 -
71 1009 141 1067 taur
165 1013 299 1086 raro-et
320 1012 385 1070 taur
410 1024 508 1096 parce
529 1001 708 1097 peccetur?
733 997 814 1097 quid
839 998 1010 1071 invidiosis
1037 1020 1069 1073 et
1088 1029 1142 1076 ex-

70 1091 268 1170 cedentibus
301 1095 435 1169 modnnr
461 1095 729 1187 defensionibus,
765 1126 867 1196 quoni¹
892 1097 1060 1172 clementia
1085 1129 1141 1172 co-

68 1189 269 1290 gnoscentis
286 1194 425 1268 obviam.
440 1194 712 1296 periclitantibus,
727 1199 804 1272 cat?
852 1194 1002 1281 Credite,
1023 1187 1152 1300 optimi

63 1288 112 1379 et,
130 1292 340 1394 inquantum
357 1324 442 1396 opus
457 1311 517 1383 est,
534 1294 741 1370 disertissimi
757 1296 829 1386 viri,
850 1297 878 1371 si
901 1311 1029 1370 antuus
1045 1299 1145 1399 prio.

64 1391 163 1466 ribus
188 1393 328 1470 saeculis
350 1396 502 1487 antisti,
530 1423 616 1496 quos
641 1397 815 1487 mirantur,
841 1396 894 1470 his
926 1398 993 1469 nati
1015 1415 1135 1487 essent,
1212 1440 1227 1477 ⁴›

142 1571 185 1629 -iu
214 1569 381 1651 obseouium
401 1575 534 1645 ‘regentis
556 1568 698 1652 puratos]
731 1569 782 1631 Sic
810 1571 892 1631 Suet.
920 1571 1004 1632 Galb.
1033 1577 1078 1632 19.
1104 1574 1134 1633 iu

19 1666 33 1696 ‘·
62 1668 148 1711 omne
167 1651 331 1734 obsequium
350 1663 482 1734 paratos.
522 1651 665 1712 Usitntius
688 1663 734 1711 est
754 1653 916 1737 obsequium
933 1659 974 1712 »iu
997 1646 1133 1738 aliqunto,

60 1731 183 1800 ut,'l'oc.
204 1735 282 1795 Anu.
305 1735 353 1806 lit,-
377 1739 423 1816 12,
445 1732 507 1794 Liv.
524 1735 638 1808 XXIX,
661 1739 725 1807 15.,
747 1754 830 1813 quern
852 1737 987 1809 alicuius,
1007 1737 1058 1816 qui
1079 1747 1138 1818 gc-'

60 1811 300 1880 nitirnsdicitur
328 1814 504 1875 obiectione.
523 1817 570 1878 vd.
593 1815 693 1875 lustin.
714 1817 792 1890 Xlll,
812 1824 840 1875 2.
869 1828 942 1876 extr.
966 1817 1131 1895 confestim-

10 1956 18 1977 ,
57 1916 114 1978 que
132 1900 163 1955 iu
183 1906 311 1957 tutorum
325 1899 460 1980 obsequio
475 1901 583 1957 iurant.
623 1898 828 1957 Destructores
869 1898 937 1958 enit.
957 1899 1129 1974 obiectud.

57 1976 177 2038 Rubok.
197 1979 274 2039 Dict.
294 1979 329 2039 ad
348 1980 418 2044 Ter,
438 1980 530 2038 Andr.
550 1982 573 2054 l,
595 1983 625 2053 5,
644 1987 691 2040 26.
712 1979 802 2038 Kritz.
822 1921 939 2040 adsall.
957 1979 1019 2041 Cat.
1032 1989 1088 2063 52,
1101 1990 1149 2043 6.·
1196 1987 1200 1991 ’
1247 2010 1252 2022 ’

55 2059 125 2123 Nou
144 2064 244 2137 egitur
259 2094 295 2107 —
319 2061 355 2120 de
372 2065 658 2132 sociorumiuiuriis.
693 2062 851 2137 Regem&
872 2084 899 2142 q.
920 2063 1073 2143 princeps,
1094 2076 1160 2124 uti

52 2162 146 2223 *supra
165 2140 318 2202 medensi.
341 2164 367 2223 q.
389 2143 517 2204 medicus
540 2155 570 2203 et
588 2143 656 2217 inlr.
682 2164 855 2218 cognosceus
880 2144 929 2226 (ut
952 2145 1054 2219 Quint.
1077 2149 1126 2218 Ν,

54 2227 85 2298 1,
104 2228 150 2287 to.
170 2220 261 2300 V,'2,
281 2223 344 2368 22,
373 2226 408 2285 de'
428 2247 487 2306 quo
509 2248 564 2286 usu
586 2223 736 2306 participp.
756 2227 803 2286 vd.
827 2236 925 2285 annot.
947 2226 982 2286 ad
1003 2227 1076 2287 trist.
1098 2237 1125 2288 s.
1237 2232 1240 2246 '

52 2304 105 2366 Sic
123 2304 226 2367 Se'nec.
248 2307 282 2386 dc
330 2306 394 2367 lem.
418 2309 440 2380 l,
460 2313 508 2366 19.
557 2307 738 2381 Excogitare
759 2312 842 2366 nemo
870 2313 1021 2390 quicquum
1040 2322 1124 2389 pote-

50 2391 109 2463 ru,
136 2387 215 2471 quod
233 2391 327 2462 magis
348 2390 481 2449 decorum
504 2393 616 2464 regenti
635 2393 674 2447 sit
693 2402 783 2470 quam
800 2391 952 2448 clementio
973 2396 1019 2449 22.
1042 2389 1140 2450 νενεὲ

49 2469 188 2532 cundiam
204 2472 350 2552 pereundi
358 2469 436 2549 facit
457 2474 521 2552 ipsa
541 2472 692 2545 elementia
711 2473 844 2543 regentis.

135 2552 218 2632 Quid
236 2557 310 2612 enim
330 2574 401 2633 opus
420 2551 479 2633 est]
501 2554 563 2612 »So
585 2551 629 2622 bis
651 2551 760 2609 nostris
781 2545 981 2630 temporibus,
1003 2546 1130 2630 quibust,

48 2643 159 2694 moute
179 2631 223 2693 rei
244 2628 374 2714 publicae
394 2633 504 2707 forma,
524 2632 646 2714 imperio
664 2631 752 2691 unius
772 2633 925 2714 regimur«
954 2631 1068 2692 Sebulz.

75 2744 80 2765 ι
126 2719 357 2796 sapientissimus
370 2727 398 2775 et
412 2714 500 2798 uuus]
524 2716 578 2774 Est
591 2714 737 2796 princeps,
755 2720 831 2774 orius
846 2715 1013 2790 moderator
1029 2715 1117 2796 (Dial.

45 2792 131 2879 an),
151 2818 275 2880 regens,
298 2809 327 2858 et
345 2810 407 2857 tum
425 2798 544 2878 'quidem
564 2795 766 2876 Vespasianus.

97 2896 99 2901 ’
128 2874 299 2939 uoluntariis
318 2877 567 2961 accusationibus]
597 2877 699 2952 Libera
727 2897 759 2937 re
784 2875 897 2957 publica
917 2878 1114 2942 accusationes
1162 2912 1168 2934 ι

44 2971 156 3041 sponte·
181 2960 412 3042 suscipiebantur
438 2961 499 3042 (vd.
519 2962 554 3021 ad
569 2959 641 3020 Dial.
655 2957 732 3039 34),
750 2980 820 3040 quas
842 2970 941 3038 postea
968 2973 1016 3019 aut
1033 2963 1114 3043 prin-

41 3056 113 3123 ceps
133 3053 183 3102 aut
206 3042 321 3103 senatus
350 3042 410 3123 (vd.
431 3066 510 3124 supr.
536 3044 572 3103 de
593 3039 683 3123 Ptin.)
710 3040 841 3121 patronis
860 3040 1025 3101 mandabat.
1057 3046 1112 3103 Vd.

40 3123 136 3199 deuo
151 3126 329 3185 uoluntarius
348 3124 479 3185 Mueller.
499 3126 534 3185 ad
555 3123 615 3186 Cic.
636 3144 678 3183 or.
699 3145 743 3206 pr.
764 3125 843 3182 Sext.
867 3127 890 3189 1.
920 3125 965 3184 De
985 3146 1017 3184 re
1036 3122 1111 3189 land.

39 3204 192 3265 aDronk.
225 3208 329 3283 Quint.
349 3210 407 3283 Vl,
423 3214 451 3282 1,
473 3213 521 3267 35.
578 3206 664 3287 Quod
687 3226 779 3278 genus
804 3208 910 3264 uostris
930 3205 1112 3288 temporibus

36 3296 135 3350 tutum
151 3309 246 3369 poene
264 3291 410 3350 sublatum
432 3300 475 3348 est
482 3333 491 3362 ‚
513 3310 598 3372 quum
618 3291 717 3353 omnia
738 3306 827 3345 curce
846 3289 1007 3369 tutelaeque
1027 3294 1110 3349 unius

37 3371 147 3429 innixa
162 3373 329 3451 periclitari
346 3373 423 3431 uullo
444 3372 547 3431 iudicii
564 3371 781 3452 exitu-possint.
803 3366 851 3443 tlt,
873 3376 902 3444 8,
923 3372 977 3430 tt.
1009 3371 1052 3430 'Et
1074 3372 1104 3431 C.

37 3451 168 3513 Caesari
183 3452 338 3514 suadentes
355 3476 475 3529 reguum
501 3452 714 3532 affirmabimus
740 3460 821 3509 stare
848 3453 909 3509 iam
929 3473 991 3510 rem
1011 3454 1107 3533 publi-

35 3537 185 3592 camuisi
202 3557 257 3595 uuo
276 3548 392 3610 regente
414 3556 470 3595 nou
486 3555 580 3618 posse.
620 3532 699 3594 Nom
719 3535 769 3613 oui
788 3532 824 3590 de
845 3552 877 3590 re
896 3531 1012 3610 nesorio
1033 3535 1105 3593 deli·
1159 3597 1163 3609 ¹

34 3615 146 3756 hipp-pt„
166 3615 200 3675 id
222 3620 316 3678 solum
345 3622 476 3701 quaerit,
503 3638 558 3700 quo
584 3614 668 3675 modo
699 3632 787 3696 quom
807 3617 956 3674 minimum
980 3636 1104 3696 peceare

32 3700 63 3756 ν’
100 3706 177 3757 atur.
715 3714 718 3757 ἱ

84 3759 91 3769 ’
115 3779 190 3863 puid
206 3780 353 3841 inuidiosis
371 3792 401 3841 et
419 3779 618 3864 excedentibus
636 3777 753 3838 modum
772 3773 997 3874 defensionibus]
1026 3780 1106 3857 Sunt-

33 3857 240 3938 del'eus'iones,
266 3862 371 3941 quibos
398 3862 533 3923 invidiam
544 3859 741 3942 'suscipiamus
759 3870 846 3939 atque
864 3857 952 3920 nimia
969 3860 1100 3922 libertate

31 3940 65 4003 in
83 3940 213 4004 dicendo
230 3943 614 4027 offensionem-potentium.

35 4046 44 4073 ι’
113 4048 199 4107 quum
227 4027 380 4088 clementio
408 4029 603 4102 cognoscentis
638 4023 751 4082 obuiam
777 4023 1004 4103 periclitantibus
1030 4024 1096 4108 eut]

30 4105 156 4166 Obuiam
177 4110 239 4181 ire,
267 4121 301 4169 ut
328 4103 496 4184 occurrere,
519 4105 643 4188 metaph.
672 4105 814 4188 significat
839 4125 941 4184 ornnes
967 4119 1096 4180 conatus,

27 4188 140 4270 quibus
159 4200 210 4250 aut
224 4188 395 4255 obsistimus
413 4204 464 4255 aut
480 4187 586 4252 auxilio
606 4186 841 4265 venimus'alicoi
860 4188 903 4267 rei
916 4189 961 4250 vel
977 4189 1097 4264 bomini,
1119 4214 1122 4225 .
