2634 4656
99 364 102 369 Α
149 248 248 373 ΤΗΒ
277 238 280 242 ¹
487 275 665 365 Dialogus
686 244 725 344 cie
750 281 937 345 Oratoribus

182 437 263 512 milri
283 437 369 510 inter
382 434 558 529 Menenios
574 453 610 510 'et
620 436 751 537 Appios
767 435 948 508 studuisse.
973 433 1156 509 Pacuvium
1175 450 1265 508 certe

181 555 212 610 et
237 536 364 611 Attium
390 564 459 607 nun
484 536 592 608 solum
618 533 817 631 tragoediis,
843 535 904 606 sed
930 533 1265 607 etiam'oratiuuibus

182 636 253 709 suis
287 635 467 735 expressiit
495 635 580 707 acleo
606 634 712 706 durus
738 651 768 706 et
794 634 903 707 siccus
929 651 987 706 est.
1050 632 1170 725 Oratio
1203 661 1265 705 au-

181 752 266 822 tem,
293 736 379 807 sicut
404 761 527 834 corpus
554 732 716 820 bominis,
740 760 777 805 ea
804 733 938 805 demum
964 730 1106 834 pulchra
1131 748 1200 818 est,
1226 731 1263 802 in

183 862 248 932 qua
267 862 335 906 non
359 833 503 904 eminent
524 859 625 911 venae
645 860 706 904 nec
730 859 805 904 ossa
827 850 1062 933 numerantur,
1089 829 1153 902 sed
1178 847 1264 902 tem-

180 948 317 1032 peratus
351 959 389 1002 ac
416 931 526 1002 bonus
552 930 828 1029 sanguis'iurplet
860 929 1011 1002 membra
1044 945 1077 1001 et
1112 929 1264 1025 exsurgit

180 1032 263 1102 toris
288 1031 449 1131 ipsusque
477 1058 594 1102 neruos
619 1029 744 1102 rubore
766 1030 847 1127 tegit
879 1046 910 1101 et
939 1029 1060 1101 ‹lecore
1091 1054 1263 1101 commen·

179 1212 311 1295 plicando
339 1212 473 1290 videtur,
505 1214 545 1274 ita
565 1227 599 1274 ut
620 1214 807 1311 intelligenda
831 1213 891 1275 siut
911 1212 1038 1274 carmina
1057 1213 1089 1273 in
1108 1211 1264 1295 publicum

179 1296 287 1373 missam
301 1317 391 1374 quum
406 1319 478 1355 usus
500 1297 663 1356 aPullione
682 1319 808 1376 primum
829 1295 1003 1372 institutus,
1023 1307 1058 1354 ut
1079 1294 1263 1375 scriptorum

180 1376 248 1436 libri
268 1388 357 1455 atquo
377 1374 516 1461 imagines
538 1379 567 1436 iu
591 1377 775 1438 bibliothecis
798 1389 1001 1458 ponerentur,
1033 1398 1094 1436 nou
1113 1377 1263 1457 pertineat

178 1459 214 1518 atl
236 1457 387 1517 Caesarem
401 1471 495 1537 atque
515 1460 648 1518 Bsutum.
693 1458 737 1520 Cf.
759 1460 860 1539 Puppe
884 1460 920 1518 de
940 1457 1061 1538 privatis
1082 1469 1172 1539 atque
1191 1456 1262 1517 illu·

178 1538 337 1599 strioribus
359 1538 482 1618 publicis
511 1539 644 1600 veterum
664 1541 865 1600 Romanorum
895 1539 1081 1600 bibliothecis
1100 1558 1262 1618 earumque

177 1620 254 1679 satis.
284 1619 383 1679 Berol.
413 1625 506 1681 1826.
528 1625 556 1682 4.
607 1622 660 1682 De'
681 1638 796 1682 carmm.
826 1620 960 1695 Caesam,
988 1622 1072 1680 Brut.
1104 1632 1134 1681 et
1163 1618 1261 1681 Cicer.

178 1701 348 1773 Weicbert.
368 1701 387 1760 l.
411 1701 429 1760 l.
451 1724 479 1783 p.
504 1706 561 1764 124
576 1726 619 1782 sq.
668 1704 715 1763 De
735 1701 888 1764 Cicerone.
901 1713 1007 1784 poeta,
1034 1701 1118 1766 euius
1139 1721 1261 1763 carmin.

78 1822 86 1843 .
110 1789 117 1801 ‘
176 1780 262 1863 reliq.
291 1783 441 1863 congessit
469 1784 561 1844 Orell.
589 1783 655 1843 Vol.
674 1787 723 1843 lV.
750 1786 783 1843 P.
805 1786 839 1843 ll.
866 1806 895 1865 p.
922 1786 1102 1843 ott-572
1119 1803 1183 1864 sq,
1221 1780 1260 1843 ci.

177 1875 294 2005 praeter
313 1866 472 1945 scriptores
494 1864 524 1924 iu
545 1866 599 1924 Ed.
622 1865 737 1925 Waltlr.
757 1865 887 1924 laudatos
909 1865 1002 1924 Hand.
1022 1863 1054 1925 in
1076 1863 1200 1948 Eurycl.
1220 1863 1258 1925 ab

136 1993 140 2001 ,
205 1945 282 2005 rscb.
305 1957 334 2004 et
358 1945 452 2005 Grub.
475 1947 542 2006 edit.
562 1944 642 2007 'Sect
664 1949 712 2007 lll.
733 1946 799 2006 Vol.
822 1953 868 2006 17.
887 1968 915 2028 p.
937 1949 1007 2007 240.
1302 1967 1305 1971 ’

262 2048 338 2106 adeo
360 2048 451 2106 durus
474 2058 502 2107 et
521 2053 614 2109 siccus
635 2045 696 2130 est]
732 2042 835 2109 llurus
862 2048 896 2130 (i.
918 2070 946 2128 q.
967 2069 1054 2128 asper
1072 2047 1259 2146 bulperig-

177 2126 268 2208 raub)
291 2139 337 2188 est
358 2128 503 2208 scriptor,
533 2130 583 2208 qui
604 2129 700 2189 utitur
719 2129 879 2190 verborum
901 2130 1118 2209 compositione
1131 2142 1170 2205 ¹et
1190 2153 1260 2191 run-

178 2221 262 2271 ctura
296 2208 475 2283 disturbata,
507 2210 661 2276 ¹salebrosa
698 2222 728 2270 et
764 2211 916 2291 inaequali.
954 2210 1060 2286 Quint.
1082 2213 1122 2286 Χ,
1152 2215 1182 2289 1,
1209 2217 1259 2272 93.

178 2290 283 2350 durior
303 2290 424 2365 Gallus,
447 2292 523 2366 vm,
548 2298 578 2366 6,
601 2297 649 2352 62.
672 2313 781 2374 aspera
802 2304 830 2351 et
851 2293 928 2352 dura
947 2297 1062 2367 oratio,
1084 2294 1258 2369 1x‚4,142.

178 2372 285 2453 duram
307 2375 405 2453 potius
426 2381 513 2455 atque
542 2392 680 2455 uesperam
699 2376 1061 2454 compositionemmalim
1083 2395 1259 2457 essequam

177 2452 586 2534 effisurinatameteneruem.
601 2456 745 2532 SeuecE
768 2501 774 2513 .
794 2459 860 2517 114.
903 2456 1034 2536 Quidam
1072 2453 1259 2535 raafractam

178 2546 209 2595 et
229 2556 367 2615 asperam
388 2534 664 2615 (compositionem)
682 2477 827 2616 prolana·
855 2537 1021 2596 disturbant
1062 2556 1078 2594 e
1099 2537 1258 2619 industria,

177 2621 207 2677 si
224 2616 296 2698 quid
311 2618 457 2698 placidius
478 2616 612 2699 effluam
644 2618 746 2677 nolunt
763 2620 826 2677 sine
847 2619 966 2676 salebra
989 2637 1053 2676 esse
1071 2620 1259 2691 iuncturamg

180 2700 290 2777 uirilem
310 2710 418 2776 putant
447 2708 475 2756 et
493 2697 624 2777 ,sonem
651 2719 727 2781 quae
747 2720 850 2757 aurem
872 2701 1085 2782 inaequalitate
1102 2704 1259 2781 percutiat.

69 2802 72 2808 ·
112 2778 121 2795 ⁶
179 2779 234 2858 Ep.
264 2783 331 2836 100.
382 2778 478 2837 Asinii
505 2779 649 2838 Pollionis
678 2778 855 2860 compositio
880 2780 1033 2839 salebrosa
1064 2789 1093 2848 ee
1120 2782 1261 2840 exsiliens

180 2858 297 2918 dicitur.
338 2860 440 2918 »Sicca
460 2859 556 2919 oratio
577 2871 622 2920 est
642 2861 723 2936 eius,
746 2861 796 2940 qui
817 2876 849 2921 s'e
868 2861 903 2920 ab
925 2861 962 2920 iis
985 2859 1122 2921 omuibus
1143 2861 1260 2923 dicendi

179 2938 283 2999 lormis
312 2939 550 3021 ornamentisque
577 2941 722 3017 abstinet,
754 2963 827 3020 quae
854 2941 1017 3002 ubertatem
1044 2952 1075 3001 et
1095 2942 1211 3023 copiam
1230 2955 1261 3003 et

180 3020 332 3080 laetiorem
360 3011 471 3094 iulium
500 3022 691 3082 desiderant«
733 3023 804 3081 Em.
832 3025 902 3083 Lex.
927 3023 1024 3083 teebn.
1042 3024 1110 3082 'Lat
1139 3045 1168 3105 p.
1189 3029 1260 3084 356.

179 3102 244 3164 add.
264 3114 364 3162 annot.
385 3104 420 3163 ad
440 3101 516 3163 Dial.
537 3108 583 3163 19.
612 3104 648 3165 de
667 3104 768 3164 adiect.
790 3105 894 3165 an'dus
912 3116 943 3164 et
963 3126 1044 3185 supr.
1064 3104 1170 3166 derv.
1189 3125 1259 3165 ossa

181 3195 210 3243 at
230 3187 361 3243 maciem.

175 3303 180 3311 ·
267 3284 373 3343 Oratio
395 3297 555 3346 autem-
577 3286 781 3370 commendat]
804 3285 898 3348 Codd.
918 3288 982 3347 Par.
1003 3286 1092 3346 Vinci.
1112 3285 1189 3348 Eclrl.
1207 3300 1262 3349 trs·

184 3386 242 3445 que
264 3365 300 3424 ad
321 3366 405 3424 Iirot.
424 3372 502 3447 ipsos
523 3390 649 3452 quoque,
679 3370 730 3451 qui
750 3391 767 3429 e
791 3366 885 3429 Codd.
905 3369 1016 3428 Vaticc.
1035 3371 1169 3450 ipsusque
1187 3389 1260 3450 pro-

184 3445 243 3506 bat.
268 3458 391 3507 recentt.
413 3449 541 3528 recepit,·
569 3451 676 3510 rubore
703 3455 776 3526 tegit
799 3460 828 3509 et
841 3450 934 3510 aecor
954 3447 1028 3511 cot.
1048 3450 1135 3508 Facu.
1154 3450 1262 3510 rubore

67 3542 70 3547 “
187 3556 225 3575 ...
248 3538 277 3586 et
298 3529 401 3587 decora
428 3530 507 3617 Lips.
528 3552 654 3611 eumque
679 3531 772 3592 secuti
792 3530 868 3591 Pitb.
891 3529 1007 3591 Sebulr.
1027 3527 1146 3612 (tingit)
1167 3528 1260 3593 Orcll.

185 3607 276 3669 ttetk.
297 3609 395 3668 Boett.
410 3612 528 3670 Walth.
548 3612 636 3672 Bacb.
658 3612 731 3673 Ritt.
750 3633 806 3693 pro
827 3613 968 3672 rubor-
981 3621 1011 3670 et
1031 3611 1121 3672 decor
1139 3610 1171 3673 iu
1190 3622 1260 3673 cett.

187 3688 280 3751 Codd.
305 3702 335 3755 et
353 3691 426 3751 Edu.
459 3693 667 3774 bletaphorae,
693 3716 750 3773 qua
772 3693 868 3772 oratio
896 3715 963 3753 cum
983 3711 1111 3773 corpore
1131 3692 1261 3757 bumana

187 3784 388 3852 comparatur,
410 3773 539 3855 exempla
559 3774 635 3833 baud
650 3774 847 3854 infrequentia
868 3787 939 3834 sunt
960 3774 1037 3854 apud
1056 3772 1171 3854 scripit.
1185 3774 1261 3834 Late

187 3852 293 3926 Quint.
320 3855 358 3925 X,
390 3859 417 3929 1,
445 3861 493 3916 33.
522 3855 621 3935 ibique
648 3855 767 3915 llerbst.
797 3876 928 3934 prooem.
949 3858 999 3915 24.
1031 3856 1067 3927 ll,
1086 3857 1117 3928 t,
1140 3861 1168 3915 9.
1198 3854 1261 3917 Cic.

182 3932 326 4027 >Bruttii⁶
348 3940 396 3992 36.
418 3939 467 4030 17,
491 3943 539 3995 68.
562 3936 644 3996 Orat.
663 3944 714 4011 23,
736 3942 784 3996 76.
805 3943 861 4031 26,
878 3942 926 4033 91.
953 3934 1023 4032 ibiq.
1044 3935 1177 4033 Goeller.
1195 3934 1262 4018 (qui

187 4017 1015 4181 tttttt'ttttt'tdtmtt.t.‘.¹¹³.²t¹.tti¹.tttt¹li
1031 4017 1179 4160 iiiii
1192 4039 1262 4161 'ii'

188 4120 689 4258 96.Auct.ad11creuu.iV,1t‚
711 4185 757 4242 16.
1181 4143 1192 4179 i
1251 4142 1262 4177 s
