2634 4656
385 239 685 329 ..nupxit
752 276 775 299 .·
854 311 857 314 ,
1089 247 1132 309 'lb

55 427 132 473 mus
164 398 201 472 iu
225 397 298 475 loca
323 425 410 499 pura
436 413 536 497 atque
563 395 754 471 innocentia
780 396 971 499 fruiturque
994 395 1135 473 sedibus

54 499 177 579 sacris..
229 499 323 571 Haec
355 496 562 598 eloquentiae
591 495 795 596 primordia,
831 497 913 571 baeo
936 501 1135 598 penetralia;

55 596 120 671 boo
152 598 299 699 primum
330 596 450 671 habitu
479 595 637 695 cultuque
666 595 841 680 commoda
873 599 1069 676 mortalibus
1098 603 1136 676 in

56 764 146 843 Quin.
167 771 198 842 a,
222 770 250 827 6.
273 762 340 845 filii
361 769 475 847 pietas,
507 768 735 848 propinquorum
759 785 879 845 preces,
905 752 1136 833 'adolescentium

54 848 196 933 squalor,
226 851 371 909 maiorum
399 858 473 906 natu
498 849 642 907 lacrimae
667 848 805 927 populum
827 849 994 909 Romanum
1022 873 1138 914 mouere
1161 876 1165 881 ·

53 936 223 1011 potuerunt.
240 934 271 1003 3,
286 935 314 988 7.
325 926 437 1007 fratris
452 928 641 1012 quotidianae
662 930 807 989 lacrimae
827 931 981 1014 sordesque
1001 934 1138 1008 lugubres
1239 987 1243 991 .

56 1030 79 1071 a
99 1010 185 1085 uobis
196 1008 375 1091 deprecatae
393 1021 468 1069 sunt.
490 1009 596 1085 Quint.
617 1010 669 1081 Vl,
692 1013 720 1084 t,
742 1015 790 1070 33.
817 1010 862 1071 At
877 1013 981 1072 sordes
1000 1024 1030 1073 et
1048 1037 1064 1074 a
1082 1036 1139 1075 ua·
1223 1080 1226 1085 ,

56 1092 154 1175 lorem'
172 1101 202 1150 et
218 1094 444 1174 propinquorum
472 1112 582 1181 quoque
608 1091 733 1151 similem
760 1091 892 1152 habitum
912 1098 974 1155 saio
993 1040 1140 1176 prodisse
1296 1100 1303 1109 “

47 1173 456 1247 1ιιιιιιιςιιιιιιιαιὶιιιῑιιίειιι
477 1183 654 1232 momentum
672 1192 777 1252 preces
797 1176 940 1235 attulisse.
982 1179 1093 1241 Sordes
1109 1190 1141 1241 et
1239 1164 1253 1181 x

56 1254 180 1336 squalor
200 1252 339 1317 dicuntur
365 1254 400 1314 de
421 1254 553 1314 vestibus
577 1253 704 1314 sordidis
727 1265 757 1313 et
777 1254 936 1334 squalidis,
967 1260 1075 1339 quibus
1095 1261 1141 1323 rel

57 1355 223 1415 eorumque
244 1334 404 1417 propinqui
424 1335 520 1395 induti
538 1335 568 1400 in
589 1335 739 1416 pubchm
760 1336 926 1415 prodibant.
1120 1343 1124 1350 '

140 1431 197 1491 sed
214 1432 326 1491 secedit
345 1437 462 1519 animus
481 1436 512 1505 in
532 1434 599 1493 loca
617 1454 697 1514 pura
725 1443 812 1516 atque
832 1435 1146 1515 innocentiasruiturq

19 1597 23 1603 .
58 1512 247 1655 qu‘chedibus
261 1515 368 1594 saeris]
388 1514 473 1573 Loca
484 1534 564 1594 pura
581 1524 670 1595 atque
685 1519 852 1575 innocentia
862 1516 993 1598 intellige
1008 1519 1045 1578 de
1054 1541 1142 1601 rure,

57 1606 441 1762 lleympliizrirrrbiiediliuslp·
454 1600 518 1737 tlt&
526 1596 1085 1761 dilig‘²(lbiiigfflllif:libiesq1i1,ulqiitiibl
1094 1612 1144 1745 ltlf

59 1778 130 1821 cum
150 1757 186 1817 ab
207 1770 328 1820 auctore
349 1757 467 1841 Dialogi
489 1779 660 1838 expressum
681 1779 746 1819 esse
769 1759 867 1840 Heyn.
887 1763 1045 1824 annotavit.

145 1855 222 1917 naec
249 1857 431 1943 eloquentiae
456 1854 633 1936 primordia]
663 1855 855 1938 intelligenda
882 1869 934 1918 est.
948 1880 994 1943 cp.
1013 1863 1043 1922 4.
1069 1868 1147 1922 extri

60 1939 197 2001 sanctior
223 1938 277 1997 ilia
298 1948 327 1999 et
346 1941 501 2012 augustior
520 1938 703 2018 eloquentia,
731 1937 749 1997 i.
772 1959 796 1998 e.
818 1940 940 2023 poetica.
981 1942 1071 2003 »Nam
1091 1964 1145 2003 au.

59 2017 233 2098 tiquissimo
251 2031 385 2100 tempore
400 2018 499 2078 laudes
515 2019 666 2092 Deorum,
687 2040 735 2084 res
755 2032 854 2102 gestae
871 2022 1013 2098 heroum,
1034 2024 1145 2104 primae
1194 2053 1201 2085 ῃ

61 2097 144 2182 leges
167 2099 352 2163 et‘instituta
371 2100 535 2180 sapientum
555 2099 690 2160 versibus
712 2101 907 2177 canebantur,
937 2115 967 2163 et
992 2101 1146 2177 exstabant

61 2200 131 2245 eum
151 2202 167 2240 a
188 2181 230 2242 ud
244 2181 375 2245 Graecos
396 2192 461 2241 tum
481 2182 559 2261 apud
571 2181 720 2242 Romanos
742 2182 830 2260 [sieut
852 2186 928 2265 apud
949 2206 1051 2249 omnes
1071 2208 1146 2268 gen-

61 2273 111 2325 tes
133 2203 287 2340 cultiores]
313 2270 394 2323 vates
423 2273 453 2322 et
481 2273 585 2344 poetae
612 2264 695 2345 prius
724 2285 810 2350 quam
843 2266 1004 2352 scriptores
1032 2268 1148 2330 solutae

61 2340 234 2405 orationis«
265 2344 382 2407 Schola.

117 2472 121 2477 -
167 2432 325 2509 matralia]
364 2431 524 2491 Penetrale
546 2429 673 2512 (ἄδυτον)
698 2424 833 2516 proprie.
849 2445 896 2492 est
924 2431 1053 2492 interior
1078 2454 1148 2517 para

62 2454 180 2594 templi,
200 2514 317 2594 domus,
338 2510 434 2587 urbis,
456 2511 640 2576 monumenti
660 2511 939 2594 (SuetAug.18.).
982 2514 1148 2598 Metonym·

63 2593 223 2675 usurpavit
242 2593 345 2669 Quint.
360 2596 413 2668 vt,
427 2600 458 2668 2,
473 2598 522 2653 25.
542 2593 597 2656 sed
619 2594 693 2651 mihi
711 2597 741 2651 in
759 2597 858 2653 animo
880 2604 944 2668 est,
960 2614 1036 2681 quae
1055 2596 1151 2659 latent

62 2680 202 2760 penitus,
231 2678 297 2758 ipsa
324 2676 411 2739 liuius
436 2677 496 2733 loci
523 2677 642 2755 aperire
664 2676 840 2755 penetralia.
869 2677 932 2734 Xll.
963 2694 1096 2758 prooem.
1119 2681 1150 2740 ὃ.

59 2760 123 2821 'aut
142 2760 262 2817 maiora
282 2757 340 2817 otti
359 2757 477 2815 aunilla
497 2775 535 2813 aa
554 2759 626 2836 ipsis
646 2759 811 2837 sapientiae
828 2756 1028 2838 penetralibus
1045 2760 1130 2839 petit.

86 2910 92 2917 ,
140 2845 218 2916 linea
252 2844 407 2916 enetraiia,
420 2843 477 2901 ltaa
487 2845 616 2922 primum
630 2842 733 2903 halitu
749 2844 883 2929 cultuque
897 2843 1055 2907 commoda
1069 2864 1152 2904 mor-

66 2924 189 3004 talibus]
209 2866 283 2988 (ltid.
299 2925 384 2987 Fero.
401 2923 484 2988 omis.
504 2925 672 3004 penetralia
693 2925 765 2994 Ιιυος
787 2925 944 2990 Schrautio
967 2925 1043 2983 traca
1059 2945 1152 3008 pene-

67 3008 163 3071 tralia
182 3005 303 3079 abesae,
326 3016 356 3067 et
369 3005 425 3064 boa
448 3017 515 3064 ante
528 3007 655 3086 primum
670 3006 772 3069 adesse
790 3005 953 3066 ridebatur.
974 3003 1068 3070 Codd.
1085 3008 1152 3066 Par.

71 3088 159 3148 vind.
172 3098 244 3147 vett
258 3087 331 3147 Edd.
347 3087 422 3147 laea
432 3088 609 3167 penetralia,
631 3088 706 3145 haee
717 3090 856 3167 primum.
884 3087 928 3145 Ex
943 3087 1056 3145 emend.
1071 3086 1152 3167 Lips.

68 3170 128 3237 boa
153 3172 282 3250 primum
309 3188 377 3232 rece
398 3178 486 3241 erunt
505 3168 580 3232 Edd.
604 3188 684 3253 seqq.
731 3179 826 3227 raeter
853 3167 1011 3239 Baebium,
1047 3167 1099 3250 qui
1127 3186 1153 3230 c.

71 3246 149 3312 Cod.
164 3252 249 3311 Farn
264 3249 351 3311 eiecit
378 3190 454 3308 laea
473 3250 642 3327 penetralia
662 3260 692 3307 et
710 3189 787 3312 laea
804 3270 851 3328 pr.
870 3246 1038 3329 revocarit,
1068 3247 1154 3313 cuins

70 3342 199 3396 tentem.
229 3330 272 3391 aie
300 3329 471 3415 explicavit;
508 3330 604 3391 »Haec
631 3327 797 3413 eloquentia
823 3328 880 3411 (so.
901 3328 1032 3411 poetica)
1062 3350 1154 3411 quum
1181 3384 1184 3389 .
1280 3333 1289 3342 “

69 3425 197 3497 propter
210 3411 341 3473 habitum
357 3411 526 3505 cultumque
539 3431 626 3474 suum
645 3409 817 3474 mortalibus
832 3411 984 3476 commoda
1003 3408 1022 3468 i.
1042 3430 1068 3469 e.
1088 3420 1156 3498 apta

10 3510 12 3517 ’
72 3493 318 3575 “imprimam
338 3490 456 3559 inlluxit
476 3513 508 3549 ιιι
527 3490 577 3549 illa
596 3502 740 3570 pectora«
781 3494 823 3549 m
842 3503 969 3573 praestat
990 3490 1156 3557 emendatio
1235 3564 1238 3568 Ι

71 3575 172 3656 Lipa,
195 3596 285 3654 quum
306 3575 425 3636 habitus
444 3573 593 3660 cultusque
613 3571 677 3631 sine
696 3571 861 3658 praedicato
883 3593 944 3633 nou
966 3583 1046 3634 reete
1066 3570 1156 3631 intel·
1260 3637 1262 3641 ¹

72 3655 125 3724 li'
156 3655 269 3737 possit,
297 3655 350 3716 sed
378 3673 513 3734 pronam
542 3654 591 3711 itia
614 3653 802 3717 referendum
829 3652 871 3716 sit·
896 3654 931 3712 ad
959 3651 1075 3724 locum,
1103 3649 1157 3715 ubl
1223 3690 1228 3705 .

103 3736 245 3818 oquentia
263 3734 377 3817 poetica
396 3744 550 3808 uersatur,
573 3733 608 3792 ad
629 3754 768 3809 nemora,
795 3731 880 3795 lucos
901 3745 932 3793 et
952 3742 1098 3796 secretum
1118 3731 1157 3790 ἰΙι-Ι

73 3818 145 3892 lud,
165 3817 198 3879 in
219 3838 293 3896 quae
313 3816 450 3899 procula
471 3812 597 3893 strepitu
616 3814 729 3873 lorensi
750 3813 860 3873 secedit
873 3813 909 3872 ad
928 3811 1053 3876 earmina
1074 3832 1157 3877 com.-
1179 3806 1183 3815 ’
1204 3810 1210 3817 ’

73 3898 233 3983 ponenda,
253 3909 285 3959 et
305 3898 348 3957 sie
366 3896 449 3977 quasi
468 3893 609 3955 divinitus
631 3896 695 3953 data
718 3895 749 3953 in
769 3893 919 3952 hominum
941 3904 1037 3956 castos
1059 3903 1090 3953 ot
1110 3893 1159 3953 in.-

74 3991 236 4060 eorrnptos
261 3978 426 4042 animasse
454 3974 589 4035 demittit.
629 3975 760 4034 Habitus
785 3977 936 4056 cultusque
963 3972 1015 4054 (os,
1034 3995 1080 4056 ep.
1102 3973 1160 4056 a),

117 4060 129 4120 i
159 4057 281 4142 proprie
305 4059 342 4119 ad
369 4079 478 4140 eorpus
506 4067 634 4137 spectat,
668 4055 698 4115 h.
720 4055 740 4114 l.
770 4055 883 4115 rariore
909 4054 1034 4137 signific.
1061 4065 1160 4119 trana-

75 4082 175 4206 llam
204 4141 241 4207 ul
267 4139 391 4206 formam
419 4150 450 4204 et
477 4149 614 4203 ornatum
639 4135 750 4224 poesis.
800 4135 981 4214 Commoda,
1014 4154 1071 4223 pro
1098 4153 1161 4215 quo
