2634 4656
118 217 181 279 104
439 213 597 296 Dialogus
615 215 654 274 eie
677 211 869 288 Oratoribus,
921 295 926 300 -
951 166 954 181 =

114 368 171 441 bis
199 381 378 466 quaternos
412 363 519 437 denos
553 362 684 436 Claudii
719 381 750 436 et
776 363 919 454 Neronis
952 388 1060 435 annos
1095 351 1192 460 atque
1245 398 1248 405 ·

114 467 226 567 ipsum
254 462 394 536 Galbae
415 481 447 537 et
470 463 615 534 Othonis
642 479 674 532 et
698 462 822 534 Vitellii
855 462 992 557 longum
1025 476 1059 532 et
1091 487 1193 532 unum

116 591 242 637 annum
273 590 312 635 ac
338 580 461 635 sextam
491 562 558 634 iam
583 560 690 651 felicis
721 560 820 633 buius
846 559 1056 660 principatus
1083 558 1194 630 statio-

114 689 212 753 nem,
237 688 303 762 qua
325 660 552 761 vespasianus
577 685 648 730 rem
673 659 842 758 publicam
865 659 973 731 soret:
1009 673 1145 729 centum
1165 670 1195 729 et

117 874 176 932 que
202 847 445 910 Elementarlebr.
468 847 495 906 d.
515 847 577 906 Lat.
598 840 668 927 Spr.¹
685 850 706 904 l.
730 851 756 906 1.
780 869 808 928 p.
829 853 890 907 232
911 868 955 926 sq.
975 857 1007 906 et
1026 845 1195 906 Weicbert.

117 933 155 992 de
169 935 239 992 Luc.
252 935 321 991 Var.
336 952 363 1009 p.
376 935 433 1002 13,
454 930 504 1007 qui
520 940 600 987 recte
617 938 760 1001 statuunt,
782 928 900 988 nomina
917 928 1014 987 Gaius
1032 940 1064 987 et
1079 928 1196 986 Gnaeus

118 1013 271 1075 scribenda
292 1024 322 1072 et
341 1010 577 1090 pronuncianda,
609 1008 633 1067 si
655 1021 803 1087 ponantur
829 1010 962 1090 integra,
994 1009 1039 1068 sin
1064 1009 1088 1068 si
1111 1008 1196 1080 lieet

117 1094 217 1169 notis,
245 1092 303 1151 nisi
332 1090 437 1149 litteris
460 1090 486 1149 C
505 1103 535 1149 et
555 1089 598 1148 Cn
619 1110 679 1148 non
701 1092 842 1149 exaranda
866 1112 938 1149 esse.
983 1090 1042 1149 Coi
1061 1032 1198 1149 cuilibeat

118 1175 194 1234 Edd.
219 1184 291 1234 vett.
320 1193 416 1250 usque
443 1171 477 1229 ad
504 1171 642 1245 Picben.,
679 1192 694 1230 a
728 1191 787 1249 quo
823 1172 891 1231 Caii
916 1171 1029 1230 illatum
1059 1183 1114 1230 est.
1155 1171 1198 1229 De

118 1256 215 1318 forma
234 1252 325 1336 genit.
353 1253 384 1311 in
405 1256 418 1312 i
442 1253 612 1312 confirmata
639 1251 783 1332 lapidibus
814 1252 1197 1334 (Orellloscriptt'512.

101 1338 188 1410 tuti,
210 1341 280 1396 515.
302 1333 428 1406 Claudi,
450 1338 519 1392 563.
540 1333 681 1411 Mummi)
703 1345 733 1392 et
754 1333 839 1394 bonis
862 1332 956 1394 Codd.
977 1333 1028 1415 (ut
1044 1336 1132 1393 Farn.
1151 1331 1200 1391 ubi

119 1417 195 1479 Dial.
218 1419 264 1477 tt.
286 1415 346 1474 Iuli
365 1425 395 1473 et
414 1435 459 1493 cp.
484 1419 530 1473 17.
545 1413 641 1492 Arri)
673 1412 708 1472 cf.
729 1415 814 1473 Haas.
835 1427 933 1474 annot.
955 1419 1003 1475 54.
1033 1416 1070 1474 ad
1092 1413 1200 1496 Reisig,

119 1498 257 1573 ,Vorles,
286 1496 338 1577 qui
357 1494 457 1556 invitis
486 1493 573 1553 etiam
602 1493 696 1555 Codd.
720 1497 796 1576 apud
818 1498 951 1557 Tacitum
979 1500 1004 1556 ii
1022 1495 1202 1580 retiueqdam

122 1590 231 1642 censet
308 1598 312 1605 ·

202 1699 292 1770 atque
305 1692 399 1770 ipsum
413 1721 453 1731 -
470 1687 587 1764 longum
602 1698 730 1748 etunum
749 1687 875 1771 annum]
899 1687 992 1749 Codd.
1008 1691 1096 1748 Farn.
1111 1686 1202 1749 Vatis

121 1769 237 1832 Pitboc.
258 1770 347 1830 Bekk.
367 1768 515 1829 Boetticb.
537 1769 654 1830 Waltb.
675 1770 763 1830 Bacb.
785 1771 858 1831 ttitt.
884 1781 973 1852 atque
994 1771 1203 1832 uuum-luu-

120 1846 192 1927 gum
208 1863 237 1911 et
252 1850 340 1912 unum
362 1849 454 1911 Codd.
475 1852 540 1911 Par.
563 1851 650 1911 Vind.
671 1852 725 1910 Ed.
747 1852 824 1931 Spir.
847 1862 936 1934 atque
962 1875 1050 1912 unum
1063 1886 1100 1896 ·-
1119 1872 1204 1910 unum

122 1933 198 1993 Edd.
223 1935 291 1993 Put.
320 1954 418 2011 seqq,
449 1932 544 1993 donec
570 1932 649 2012 Lips.
682 1934 855 1993 emendet
885 1955 964 2012 seqq.
993 1944 1084 2015 utrque
1114 1937 1203 2016 ipsum

125 2045 163 2059 ·-
184 2015 280 2074 uadum.
318 2014 437 2088 Longus
457 2034 551 2073 annus
574 2014 693 2087 dicitur,
716 2014 782 2093 quia
803 2015 881 2074 inter
899 2015 1027 2074 Neronis
1050 2026 1081 2075 et
1095 2013 1205 2074 Vitellii

124 2094 321 2234 principatum
342 2115 420 2153 unus
444 2117 537 2156 annus
561 2116 626 2154 cum
648 2099 726 2151 XXII
751 2095 853 2155 diebus
874 2096 1058 2169 intercessit,
1081 2117 1143 2155 non
1163 2096 1206 2157 di·

126 2176 204 2235 'citur
236 2197 343 2257 ongus,
364 2186 399 2233 ut
413 2175 500 2236 Bacb.
521 2176 683 2251 annotavit,
705 2177 772 2255 quia
791 2177 868 2236 intra
887 2177 959 2236 illud
981 2177 1124 2257 temporis
1144 2196 1219 2275 spa-y

126 2257 202 2316 tium
222 2257 371 2332 resliusto
393 2256 493 2351 plures
519 2271 606 2337 atque
628 2257 778 2337 grauiores
802 2270 885 2317 erant
904 2271 1021 2339 gestae,
1051 2279 1142 2338 quare
1161 2257 1207 2319 alle

126 2357 219 2397 annus
242 2338 304 2417 ipse.
324 2335 444 2417 longror
464 2359 528 2397 esse
542 2337 695 2397 videbatur
715 2361 799 2417 quam
821 2342 1056 2414 uulgarisannus
1078 2361 1144 2400 esse
1160 2359 1207 2399 so-

126 2416 177 2478 let
214 2416 290 2478 Cum
311 2418 405 2476 Hand.
427 2420 515 2478 Turs.
532 2419 600 2478 Vol.
614 2423 648 2479 ll.
671 2441 698 2500 p.
716 2425 785 2480 490.
807 2433 887 2481 recte
909 2430 938 2480 et
959 2444 1046 2479 unum
1063 2420 1209 2502 explican-

71 2539 73 2544 ,
129 2498 200 2559 dum
221 2509 250 2559 et
270 2510 370 2559 tamen
390 2521 487 2559 uuum.
507 2501 571 2560 add.
594 2501 693 2583 Agric.
714 2507 760 2561 15.
782 2523 806 2561 0.
828 2514 940 2561 annott.
957 2502 1079 2562 Walch.
1096 2525 1125 2584 p.
1143 2509 1209 2564 222.

210 2635 249 2672 aa
268 2624 386 2674 sextam
406 2619 468 2674 iam
479 2615 581 2695 felicis
600 2619 685 2676 huius
696 2623 882 2700 principatus
898 2613 1075 2702 stationem]
1096 2623 1212 2695 ,Statio

130 2695 252 2777 proprie
274 2707 319 2754 est
339 2694 482 2767 militum;
505 2698 610 2771 deinde
631 2712 723 2760 aetate
742 2715 878 2782 argentea
895 2702 928 2760 in
945 2702 1119 2763 universum
1141 2704 1212 2765 dici-

131 2789 183 2836 tur
205 2776 241 2835 de
262 2776 368 2854 quovis
398 2799 520 2838 munere
548 2779 634 2838 alicui
655 2781 834 2842 demandato,
874 2784 924 2843 Sic
946 2784 982 2843 de
1009 2783 1128 2864 imperii
1147 2806 1212 2866 spa-

70 2903 73 2908 .
132 2857 175 2917 tio
198 2867 228 2915 et
248 2856 283 2915 de
303 2856 369 2936 ipso
397 2858 523 2939 imperio
551 2859 626 2919 Vell.
646 2862 708 2921 Pat.
729 2867 765 2936 ll,
790 2869 856 2925 124.
894 2863 1012 2925 Rubuk.
1034 2876 1067 2924 ut
1094 2869 1215 2928 stationi

130 2947 277 3020 paternae
296 2940 476 2999 succederet.
519 2940 559 2999 lb.
582 2946 649 3001 131.
677 2946 759 3004 Suet.
783 2943 884 3005 Claud.
905 2952 953 3006 38.
985 2947 1028 3005 ud
1047 2959 1214 3029 susceptam

133 3022 291 3078 stationem
320 3019 389 3103 ibiq.
415 3020 515 3080 Schol.
540 3022 660 3082 Ruhnk.
683 3026 795 3085 Anton.
823 3026 867 3087 Pii
890 3027 983 3107 Epist
1004 3049 1049 3107 ap.
1069 3021 1214 3091 Fronton.

133 3123 162 3182 p.
184 3105 252 3159 258.
276 3100 329 3170 Ed.
352 3103 438 3160 Rom.
469 3103 545 3161 hune
567 3104 661 3179 diem,
690 3128 745 3189 quo
768 3127 813 3166 me
840 3113 985 3190 suscipere
1011 3110 1089 3168 hune
1109 3115 1215 3171 statiu-

134 3203 201 3242 uem
219 3181 343 3261 placuit.
382 3180 522 3243 Ceterum
543 3184 601 3245 duo
623 3200 709 3262 suut,
731 3209 804 3266 quae
826 3188 854 3246 b.
875 3188 892 3248 l.
914 3189 1105 3251 offenderunt
1124 3192 1217 3253 inter·

135 3273 250 3343 pretes:
279 3261 421 3339 alterum,
452 3265 533 3344 quod
559 3272 649 3328 statio
670 3269 706 3328 de
727 3290 788 3329 uno
810 3290 887 3329 anno
909 3271 1024 3350 imperii
1044 3285 1218 3355 usurpetur,

137 3364 194 3422 qua
217 3341 389 3404 difficultate
411 3358 510 3406 motus
532 3348 696 3432 Scbulting.
716 3363 848 3412 secutum
869 3351 1061 3431 probabiliter
1081 3354 1217 3428 coniecit,

136 3423 280 3494 alterum,
307 3426 388 3502 quod
416 3428 611 3507 Vespasianus
640 3452 701 3490 non
722 3453 776 3512 per
797 3444 895 3491 totum
923 3433 1137 3515 principatum,
1167 3435 1218 3499 sed

137 3514 223 3566 sexto
246 3503 361 3563 demum
384 3505 446 3568 eius
467 3530 545 3569 anno
564 3533 628 3571 rem
649 3512 794 3592 publicam
815 3512 926 3575 fovisse
947 3515 1071 3576 dicatur.

219 3635 282 3673 rem
300 3615 447 3695 publicam
461 3616 562 3702 foret]
604 3623 648 3681 Ut
667 3626 797 3685 medicus
817 3625 948 3685 fomenta
968 3636 998 3686 et
1018 3626 1148 3688 remedia
1170 3646 1219 3689 ae-

140 3696 234 3775 grotis
257 3697 392 3755 curandis
414 3699 546 3776 adhibet,
577 3702 683 3780 quibus
708 3707 836 3766 membra
857 3707 959 3767 allecta
981 3719 1011 3767 et
1032 3707 1152 3769 dolores
1171 3708 1219 3769 10-

42 3852 52 3867 ·
122 3777 339 3871 Α0001119010.
360 3781 408 3837 ts.
425 3778 527 3857 fouere
550 3782 946 3870 dejicientem-asperetur),
969 3788 1011 3849 sic
1023 3791 1219 3871 Vespasianus

140 3857 369 3948 rempublicam
392 3880 504 3942 aegram
533 3872 591 3921 tam
613 3863 701 3946 longa
720 3870 915 3948 pessimorum
936 3871 1102 3951 principum
1126 3870 1220 3931 domi-

140 3947 261 3994 natione
281 3936 425 4016 bellisque
447 3941 581 4002 civilibus
601 3946 706 4005 misere
728 3962 858 4010 vexatam
885 3965 967 4011 curat
995 3953 1118 4030 eiusque
1139 3952 1219 4014 malit

142 4015 254 4076 mederi
277 4019 385 4077 studet.
426 4021 476 4080 Sic
495 4035 574 4083 recte
598 4024 627 4083 b.
649 4026 669 4085 l.
689 4031 800 4112 accepit
822 4034 964 4112 liupert,
992 4033 1040 4092 cui
1060 4033 1222 4114 improbata

53 4156 56 4161 ,
142 4107 191 4157 est
209 4096 297 4156 Bacb.
316 4098 534 4181 interpretatio,
553 4107 764 4188 Vespasianum
785 4134 850 4173 cum
864 4113 970 4196 gallina
987 4115 1087 4195 pullos
1102 4116 1222 4178 fovente
