2634 4656
197 249 259 308 128
288 238 290 242 ⁷
518 243 675 325 Dialogus
698 244 736 303 de
761 224 945 319 Orato'ribus

193 431 287 490 rum,
302 397 374 473 'etsi
399 427 468 471 uon
493 399 705 486 instructos,
732 415 765 470 ut
791 416 877 471 certe
903 397 1053 473 imbutus
1078 399 1141 488 sit,
1169 398 1275 471 novis

197 521 228 575 et
255 499 425 599 exquisitis
453 499 658 596 eloquentiae
684 498 859 569 itineribus
887 527 971 596 opus
998 517 1065 587 est,
1100 526 1163 597 per
1189 527 1274 597 quoe

194 618 306 693 orator
331 597 502 670 fastidium
528 596 656 693 surium
683 596 841 691 effugiat,
877 599 991 694 utique
1016 598 1107 698 apud
1135 627 1194 671 eos
1220 598 1273 695 ju-

194 700 305 787 dices,
344 698 454 796 quivi
482 713 513 768 et
536 712 715 794 potestate,
750 723 817 765 nou
838 698 910 769 iure
935 713 966 766 et
989 696 1122 791 legibus
1147 724 1272 792 cogno-

194 815 308 888 scunt,
335 814 367 868 et
392 823 452 867 nec
479 796 646 894 occipiunt
672 811 840 892 tempora,
868 795 928 867 sed
952 796 1177 884 constituunt,
1213 822 1272 866 nec

198 973 285 1013 amtor
308 955 417 1025 nostri,
446 961 480 1009 ot
501 964 579 1009 certe
600 952 697 1010 odium
717 954 765 1010 sui
784 950 907 1009 ubi‘vd.
928 951 1013 1008 Hess.
1035 949 1114 1008 Anu.
1136 952 1203 1024 ΧΙΙ,
1226 955 1271 1012 39.

184 1039 250 1094 ‘etsi
270 1056 326 1092 uou
353 1035 516 1113 prcielinru,
550 1044 584 1090 ut
614 1044 692 1091 certe
720 1035 833 1091 bellum.
864 1032 899 1089 ei.
922 1033 1013 1090 Hand.
1040 1033 1129 1091 'l'urs
1163 1031 1230 1090 Vol.
1251 1034 1270 1090 l.

193 1140 221 1200 p.
243 1119 311 1175 427.
340 1115 407 1172 Vol.
431 1118 462 1176 ll.
490 1137 518 1193 p.
541 1118 608 1174 604.
657 1116 703 1174 De
723 1113 875 1194 participp.
896 1117 1057 1172 instructus
1077 1149 1116 1160 -
1145 1115 1271 1173 imbutus

194 1197 230 1258 cs.
250 1206 349 1255 annot.
371 1197 407 1254 ad
427 1195 501 1255 Diul.
521 1203 547 1254 2.
844 1243 847 1247 ,

276 1296 455 1374 eloquentiae
474 1289 642 1373 itineribus]
666 1294 692 1349 -h
714 1312 737 1350 e.
765 1291 919 1357 itineribus
948 1292 982 1350 od
1002 1290 1219 1370 eloquentiam,
1238 1305 1272 1353 ut

194 1398 282 1456 supra
304 1375 418 1433 dicendi
437 1377 492 1431 oia.
535 1373 584 1432 Sic
605 1378 661 1431 iter
680 1374 875 1455 metonymice
898 1373 1026 1453 positum
1048 1372 1174 1455 legimus
1196 1374 1271 1457 apud

194 1470 268 1537 optt.
289 1456 400 1535 scriptt.
433 1452 493 1515 Cic.
520 1454 667 1519 de‘Orat.
689 1457 714 1528 Ι,
744 1461 793 1528 60,
819 1461 887 1514 256.
916 1459 973 1512 iter
1002 1458 1203 1536 antiquitatis,
1235 1459 1270 1532 tt,

194 1545 245 1613 57,
274 1540 343 1597 234.
372 1542 429 1594 iter
458 1536 680 1616 disputationis,
712 1537 800 1617 Legg.
826 1538 848 1609 l,
881 1541 928 1608 13,
958 1542 1006 1595 37.
1033 1539 1091 1594 iter
1119 1542 1270 1612 sermonis,

193 1621 268 1699 Epp.
289 1619 322 1676 ad
344 1617 433 1676 Attic.
456 1620 505 1691 tV,
527 1623 552 1675 2.
581 1622 638 1674 iter·
655 1621 765 1675 umoris
786 1627 815 1675 et
834 1614 938 1696 officii,
968 1616 1072 1690 Quint.
1092 1639 1226 1698 prooem.
1243 1625 1271 1681 6.

194 1705 276 1760 cuius
292 1704 392 1779 primu
414 1709 499 1757 uetus
527 1697 710 1774 neutrisestum
732 1703 789 1756 iter
817 1699 859 1756 uti
879 1702 988 1772 ingenii
1016 1700 1113 1756 lumen
1134 1692 1268 1762 ostendit.

194 1781 303 1842 Similis
323 1780 491 1859 metaphora
514 1792 559 1838 est
580 1780 652 1839 Diat.
673 1786 721 1839 32.
740 1802 795 1860 per
815 1801 914 1838 omues
935 1782 1114 1861 eloquentiae
1135 1803 1269 1845 numeros

193 1868 257 1922 isse.
300 1863 347 1920 At
363 1856 536 1920 sententium
559 1860 586 1918 h.
605 1861 622 1919 l.
642 1860 677 1919 cs.
699 1884 771 1940 quoe
790 1864 954 1920 Westerm.
977 1864 1014 1920 G.
1036 1862 1063 1920 d.
1084 1885 1109 1922 r.
1124 1863 1159 1922 B.
1180 1863 1208 1944 ξ.
1223 1870 1270 1923 82.

193 1946 228 2003 de
251 1944 345 2002 forma
366 1943 506 2002 orationis
528 1955 637 2002 mutata
660 1964 725 2001 cum
747 1943 915 2003 conditione
931 1954 1098 2023 temporum
1121 1955 1150 2025 et
1173 1945 1269 2005 ‹liver-

117 2074 120 2079 .
192 2026 277 2086 sitate
297 2024 409 2098 aurium
431 2023 575 2102 exposuit.
671 2030 673 2034 ’
1178 2016 1184 2035 '

274 2123 380 2203 utique]
412 2120 485 2179 Diul.
510 2127 557 2179 22.
582 2126 630 2178 23.
670 2121 751 2178 Beue
779 2120 814 2178 de
843 2120 871 2178 h.
895 2144 921 2180 v.
949 2120 1068 2180 Ilerbst.
1099 2122 1147 2181 ud.
1165 2122 1268 2196 Quint.

192 2205 232 2279 X,
257 2209 286 2276 1,
308 2210 374 2262 20.;
397 2203 517 2282 »Utique
539 2202 609 2259 loss
629 2201 704 2258 cloch
717 2201 754 2280 ju
774 2205 899 2278 primum
921 2215 966 2261 est
982 2203 1109 2282 optantis
1132 2216 1182 2262 aut
1204 2225 1269 2263 suo·

193 2285 288 2345 dentis
310 2307 341 2343 uc
361 2282 583 2370 praecipientis,
614 2303 672 2361 quo
703 2283 867 2362 significatu
891 2306 956 2342 cum
979 2284 1171 2344 coniunctivo
1193 2284 1268 2366 (cte.

193 2366 283 2425 Attic.
306 2368 356 2440 IV,
386 2364 430 2445 8.)
459 2376 489 2424 et
519 2364 690 2444 imperativo
719 2363 765 2422 vel
791 2366 889 2443 portic.
919 2367 985 2424 Fut.
1011 2367 1091 2424 Pass.
1118 2366 1268 2446 iungiturs

193 2448 297 2507 dehule
328 2447 357 2505 in
388 2446 540 2526 quibusvis
580 2444 832 2505 enuntiationibus
860 2446 918 2503 vim
955 2445 1130 2524 offis-ruendi
1154 2468 1270 2509 assene-

194 2530 336 2610 randique
355 2522 475 2609 accipit,
496 2540 530 2587 ut
550 2529 589 2587 sit
609 2540 743 2586 nostrum
760 2528 1020 2602 schluchterdiugs,
1041 2529 1209 2603 durelteus,
1222 2529 1270 2609 je·-

193 2612 336 2683 onutts.;
369 2609 413 2669 ct.
443 2610 470 2690 g.
500 2613 548 2669 24.
577 2617 624 2669 57.
657 2615 721 2667 113.
752 2615 852 2679 210.
882 2614 983 2683 5,12.
1013 2612 1113 2683 7,1t.
1144 2615 1191 2669 19.
1220 2617 1268 2671 eo.

191 2690 349 2757 Nonnullis
369 2702 464 2749 tomen
493 2691 597 2748 horum
619 2690 751 2748 locorum
775 2690 962 2768 interpretari
985 2689 1054 2748 licet
1081 2692 1181 2766 certe,
1212 2694 1269 2752 ἰνσ-

192 2777 339 2846 uigsteus,
361 2783 395 2830 ut
418 2778 445 2844 1,
470 2776 535 2830 113.
557 2779 587 2846 2,
612 2777 673 2830 to«
715 2770 798 2829 Fuhr.
820 2772 854 2828 ad
876 2771 938 2829 Liv.
961 2772 1041 2846 XXI,
1061 2774 1111 2829 43.
1135 2775 1185 2832 54.

276 2855 303 2908 oi
331 2862 359 2909 et
385 2862 588 2933 potestate-
621 2849 810 2932 cogitoscuut]
845 2852 894 2910 Sic
924 2850 1015 2911 Codt.
1044 2853 1131 2911 Foru.
1160 2853 1270 2915 Vatiec.

194 2937 282 2992 1518.
303 2936 392 2992 4498.
413 2936 477 2992 Par.
498 2934 583 2992 Viud.
605 2935 677 2992 Edd.
700 2945 765 2991 ante
786 2934 864 3013 lips.
886 2945 915 2992 et
935 2934 1094 3006 Pithoeus,
1115 2934 1196 2994 uude
1220 2957 1269 2997 re-

192 3014 389 3095 positum-est
409 3036 424 3073 a
444 3015 556 3074 Drouk.
580 3028 610 3074 et
629 3027 751 3074 receutt.
771 3026 889 3094 praeter
905 3014 983 3093 Rup.
1006 3035 1061 3094 pro
1083 3024 1138 3073 out
1159 3035 1176 3074 e
1197 3038 1270 3078 con·-

93 3156 96 3160 ,
192 3097 256 3155 ieet.
279 3097 354 3176 Lips.
378 3119 392 3154 a
414 3119 493 3176 seqq.
515 3097 587 3154 Edd.
608 3108 732 3176 recept·
757 3099 870 3178 Syuou.
893 3099 977 3153 viset
995 3106 1129 3176 potestus
1150 3098 1271 3178 saepius·

128 3194 131 3198 “
193 3178 433 3256 αεει’ἰ[)1ῑ.,1.311.
463 3178 700 3259 coniunguntur:
737 3182 777 3234 eis
800 3187 829 3234 et
849 3186 982 3255 potestus
1012 3178 1131 3235 Terent.
1161 3180 1269 3239 lleaut.

192 3261 245 3332 lV,
268 3264 297 3329 3,
319 3264 370 3316 31.
393 3259 468 3318 Gett.
490 3261 525 3320 N.
547 3263 582 3316 A.
605 3262 669 3334 th,
696 3264 741 3317 10.
771 3261 811 3316 eis
832 3279 868 3317 oe
885 3268 1016 3338 potestus
1042 3260 1110 3316 'l'uc
1131 3258 1211 3319 Hiss.
1232 3263 1268 3336 ll,

112 3388 118 3402 ,
193 3344 241 3397 39.
266 3341 313 3412 111,
340 3344 385 3397 11.
416 3344 456 3397 eis
477 3351 505 3398 et
522 3345 654 3420 potentio
682 3340 782 3397 Germ.
803 3341 852 3397 42.
879 3339 930 3396 ubi
959 3362 986 3398 v.
1014 3341 1100 3398 Hess.
1128 3340 1269 3403 Doederl.

192 3420 253 3477 Lat.
279 3421 351 3499 Syn.
373 3419 439 3477 Vol.
463 3424 499 3478 V.
520 3444 547 3501 p.
570 3428 618 3480 82.
640 3421 732 3479 refert
757 3429 950 3498 potestatem,
977 3425 1142 3499 potentiam
1164 3435 1196 3482 et
1211 3444 1270 3504 po·

88 3543 91 3549 ·
192 3510 335 3560 tentatum
376 3501 416 3559 ad.
442 3501 593 3568 homiues,
632 3503 681 3580 qui
717 3500 804 3558 animi
836 3500 947 3559 viribus
984 3501 1032 3559 usi
1067 3502 1103 3561 ad
1130 3503 1270 3563 voluuta-

178 3593 251 3641 ‘tem
273 3603 352 3639 suum
382 3582 489 3660 aliquid
518 3584 645 3642 efficiant
670 3581 909 3664 (intellectuelle,
939 3582 1031 3640 durch
1061 3582 1269 3658 Witleusfrei·

193 3663 255 3722 heit
283 3662 448 3723 bestimmte
483 3661 761 3743 Wirhnug),'eirn
800 3676 829 3721 et
864 3663 953 3720 rolnu·
985 3665 1019 3722 ud
1056 3685 1103 3722 res
1137 3686 1268 3745 quoque,

192 3766 265 3824 quae
296 3756 401 3824 sponte
435 3746 506 3803 nthit
535 3745 651 3804 esticere
687 3743 803 3822 possint
842 3742 1058 3822 (mechanische
1087 3746 1269 3826 Wirkuug).

191 3863 232 3874 --
263 3826 439 3898 Cognoscere
475 3828 631 3903 (it.'cogu.
663 3824 801 3903 consum)
841 3837 885 3883 est
921 3845 985 3884 voe.
1014 3826 1151 3901 forense,
1188 3829 1270 3906 quod

162 3911 166 3916 ”
192 3907 228 3965 de
257 3906 370 3980 iudice,
407 3907 589 3988 magistratu,
616 3918 646 3966 et
674 3917 791 3966 oratore
826 3906 933 3966 dicitur
964 3906 999 3966 cf.
1032 3907 1168 3968 Schuetz.
1198 3911 1298 3999 Len,

123 4029 127 4033 ‹
193 3985 254 4047 Cic.
277 4009 299 4045 s.
314 4004 349 4045 ¹v.

275 4084 304 4131 et
324 4093 376 4129 nee
398 4056 542 4153 occipiunt
563 4084 712 4152 temporo,
733 4073 787 4131 sed
808 4076 993 4152 constituunt]
1015 4073 1088 4135 Cot.
1109 4054 1195 4138 Foru.
1216 4098 1293 4145 nee,

192 4153 275 4215 omis.
297 4163 326 4212 et
345 4164 497 4234 perperam
519 4155 670 4215 eiecerunt
691 4156 796 4239 Hqum.
818 4166 848 4213 et
868 4156 983 4217 Schulz.
1005 4158 1093 4219 Bueh.
1116 4158 1148 4219 iu
1167 4172 1269 4223 annot.
