<?xml version="1.0" encoding="UTF-8"?>
<!DOCTYPE html PUBLIC "-//W3C//DTD XHTML 1.0 Transitional//EN"
    "http://www.w3.org/TR/xhtml1/DTD/xhtml1-transitional.dtd">
<html xmlns="http://www.w3.org/1999/xhtml" xml:lang="en" lang="en">
 <head>
  <title>
</title>
<meta http-equiv="Content-Type" content="text/html;charset=utf-8" />
  <meta name='ocr-system' content='tesseract 3.04.00' />
  <meta name='ocr-capabilities' content='ocr_page ocr_carea ocr_par ocr_line ocrx_word'/>
</head>
<body>
  <div class='ocr_page' id='page_1' title='image "./dialogusdeorato00tacigoog_0305.png"; bbox 0 0 2634 4656; ppageno 0'>
   <div class='ocr_carea' id='block_1_1' title="bbox 201 255 1099 342">
    <p class='ocr_par' dir='ltr' id='par_1_1' title="bbox 201 255 1099 342">
     <span class='ocr_line' id='line_1_1' title="bbox 201 255 1099 342; baseline 0.002 -22"><span class='ocrx_word' id='word_1_1' title='bbox 201 257 265 323; x_wconf 77' lang='lat' dir='ltr'><strong>rsr</strong></span> <span class='ocrx_word' id='word_1_2' title='bbox 293 304 295 311; x_wconf 93' lang='lat'><em>.</em></span> <span class='ocrx_word' id='word_1_3' title='bbox 534 255 692 342; x_wconf 68' lang='lat' dir='ltr'><strong>auagu</strong></span> <span class='ocrx_word' id='word_1_4' title='bbox 713 256 752 319; x_wconf 73' lang='lat' dir='ltr'><strong>a</strong></span> <span class='ocrx_word' id='word_1_5' title='bbox 771 256 955 322; x_wconf 63' lang='lat' dir='ltr'><strong>manuum</strong></span> <span class='ocrx_word' id='word_1_6' title='bbox 994 278 997 285; x_wconf 92' lang='lat'><em>·</em></span> <span class='ocrx_word' id='word_1_7' title='bbox 1096 289 1099 296; x_wconf 90' lang='lat'><em>-</em></span> 
     </span>
    </p>
   </div>
   <div class='ocr_carea' id='block_1_2' title="bbox 122 404 1294 3286">
    <p class='ocr_par' dir='ltr' id='par_1_2' title="bbox 122 404 1294 3286">
     <span class='ocr_line' id='line_1_2' title="bbox 197 404 1267 498; baseline 0.001 -24"><span class='ocrx_word' id='word_1_8' title='bbox 197 404 254 498; x_wconf 71' lang='lat' dir='ltr'><strong>pro,</strong></span> <span class='ocrx_word' id='word_1_9' title='bbox 272 413 336 480; x_wconf 77' lang='lat' dir='ltr'><strong>Sor.</strong></span> <span class='ocrx_word' id='word_1_10' title='bbox 362 408 522 474; x_wconf 73' lang='lat' dir='ltr'><strong>Fuloiodo&#39;</strong></span> <span class='ocrx_word' id='word_1_11' title='bbox 541 416 653 474; x_wconf 82' lang='lat' dir='ltr'><strong>incestu</strong></span> <span class='ocrx_word' id='word_1_12' title='bbox 671 413 775 474; x_wconf 78' lang='lat' dir='ltr'><strong>nobilis</strong></span> <span class='ocrx_word' id='word_1_13' title='bbox 794 418 900 474; x_wconf 89' lang='lat' dir='ltr'><strong>oratio.</strong></span> <span class='ocrx_word' id='word_1_14' title='bbox 940 413 1032 478; x_wconf 88' lang='lat' dir='ltr'><strong>Nodis</strong></span> <span class='ocrx_word' id='word_1_15' title='bbox 1052 414 1171 496; x_wconf 77' lang='lat' dir='ltr'><strong>quidem</strong></span> <span class='ocrx_word' id='word_1_16' title='bbox 1197 435 1267 498; x_wconf 80' lang='lat' dir='ltr'><strong>pue·</strong></span> 
     </span>
     <span class='ocr_line' id='line_1_3' title="bbox 141 497 1294 579; baseline 0.001 -22"><span class='ocrx_word' id='word_1_17' title='bbox 141 538 146 549; x_wconf 75' lang='lat'>·</span> <span class='ocrx_word' id='word_1_18' title='bbox 200 500 243 557; x_wconf 86' lang='lat' dir='ltr'><strong>ris</strong></span> <span class='ocrx_word' id='word_1_19' title='bbox 264 497 337 557; x_wconf 76' lang='lat' dir='ltr'><strong>daea</strong></span> <span class='ocrx_word' id='word_1_20' title='bbox 362 499 489 556; x_wconf 86' lang='lat' dir='ltr'><strong>omnium</strong></span> <span class='ocrx_word' id='word_1_21' title='bbox 518 498 629 578; x_wconf 85' lang='lat' dir='ltr'><strong>optima</strong></span> <span class='ocrx_word' id='word_1_22' title='bbox 647 497 827 578; x_wconf 84' lang='lat' dir='ltr'><strong>putabatur,</strong></span> <span class='ocrx_word' id='word_1_23' title='bbox 855 516 934 579; x_wconf 78' lang='lat' dir='ltr'><strong>quaa.</strong></span> <span class='ocrx_word' id='word_1_24' title='bbox 959 500 1008 556; x_wconf 79' lang='lat' dir='ltr'><strong>oia</strong></span> <span class='ocrx_word' id='word_1_25' title='bbox 1035 499 1096 556; x_wconf 89' lang='lat' dir='ltr'><strong>lam</strong></span> <span class='ocrx_word' id='word_1_26' title='bbox 1119 507 1294 578; x_wconf 79' lang='lat' dir='ltr'><strong>comparet·</strong></span> 
     </span>
     <span class='ocr_line' id='line_1_4' title="bbox 200 578 1293 663; baseline 0 -24"><span class='ocrx_word' id='word_1_27' title='bbox 200 582 231 639; x_wconf 87' lang='lat' dir='ltr'><strong>in</strong></span> <span class='ocrx_word' id='word_1_28' title='bbox 258 579 316 638; x_wconf 79' lang='lat' dir='ltr'><strong>hac</strong></span> <span class='ocrx_word' id='word_1_29' title='bbox 344 578 432 642; x_wconf 83' lang='lat' dir='ltr'><strong>turda</strong></span> <span class='ocrx_word' id='word_1_30' title='bbox 459 599 598 638; x_wconf 73' lang='lat' dir='ltr'><strong>nouorum</strong></span> <span class='ocrx_word' id='word_1_31' title='bbox 625 580 806 640; x_wconf 79' lang='lat' dir='ltr'><strong>voluminum.</strong></span> <span class='ocrx_word' id='word_1_32' title='bbox 840 601 868 639; x_wconf 82' lang='lat' dir='ltr'><strong>v.</strong></span> <span class='ocrx_word' id='word_1_33' title='bbox 897 579 1011 663; x_wconf 80' lang='lat' dir='ltr'><strong>Meyer.</strong></span> <span class='ocrx_word' id='word_1_34' title='bbox 1038 589 1125 639; x_wconf 76' lang='lat' dir='ltr'><strong>orati.</strong></span> <span class='ocrx_word' id='word_1_35' title='bbox 1149 580 1267 641; x_wconf 80' lang='lat' dir='ltr'><strong>Roman.</strong></span> <span class='ocrx_word' id='word_1_36' title='bbox 1291 648 1293 654; x_wconf 27' lang='grc' dir='ltr'>Ι</span> 
     </span>
     <span class='ocr_line' id='line_1_5' title="bbox 198 658 1272 743; baseline 0.002 -24"><span class='ocrx_word' id='word_1_37' title='bbox 198 658 300 743; x_wconf 74' lang='lat' dir='ltr'><strong>fragm,</strong></span> <span class='ocrx_word' id='word_1_38' title='bbox 343 702 350 718; x_wconf 89' lang='lat'><strong>.</strong></span> <span class='ocrx_word' id='word_1_39' title='bbox 371 665 438 721; x_wconf 81' lang='grc'><strong>188.</strong></span> <span class='ocrx_word' id='word_1_40' title='bbox 455 661 630 720; x_wconf 79' lang='lat' dir='ltr'><strong>&#39;Westerm</strong></span> <span class='ocrx_word' id='word_1_41' title='bbox 652 661 689 720; x_wconf 80' lang='lat' dir='ltr'><strong>G.</strong></span> <span class='ocrx_word' id='word_1_42' title='bbox 711 661 738 719; x_wconf 87' lang='lat' dir='ltr'><strong>d.</strong></span> <span class='ocrx_word' id='word_1_43' title='bbox 759 681 783 720; x_wconf 72' lang='lat' dir='ltr'><strong>r,</strong></span> <span class='ocrx_word' id='word_1_44' title='bbox 802 661 837 720; x_wconf 99' lang='grc' dir='ltr'><strong>Β.</strong></span> <span class='ocrx_word' id='word_1_45' title='bbox 856 660 884 742; x_wconf 79' lang='lat'><strong>§.</strong></span> <span class='ocrx_word' id='word_1_46' title='bbox 905 664 954 721; x_wconf 89' lang='grc'><strong>42.</strong></span> <span class='ocrx_word' id='word_1_47' title='bbox 975 694 1007 706; x_wconf 91' lang='grc'>-</span> <span class='ocrx_word' id='word_1_48' title='bbox 1054 660 1085 720; x_wconf 87' lang='lat' dir='ltr'><strong>C.</strong></span> <span class='ocrx_word' id='word_1_49' title='bbox 1107 660 1199 720; x_wconf 86' lang='lat' dir='ltr'><strong>Curio</strong></span> <span class='ocrx_word' id='word_1_50' title='bbox 1218 670 1272 743; x_wconf 57' lang='grc' dir='ltr'><strong>ρι’</strong></span> 
     </span>
     <span class='ocr_line' id='line_1_6' title="bbox 122 681 1266 824; baseline 0.001 -22"><span class='ocrx_word' id='word_1_51' title='bbox 122 770 126 775; x_wconf 93' lang='grc'><em>·</em></span> <span class='ocrx_word' id='word_1_52' title='bbox 158 818 160 822; x_wconf 23' lang='grc' dir='ltr'>Ι</span> <span class='ocrx_word' id='word_1_53' title='bbox 199 753 248 802; x_wconf 85' lang='lat' dir='ltr'><strong>ter</strong></span> <span class='ocrx_word' id='word_1_54' title='bbox 272 681 441 824; x_wconf 56' lang='lat' dir='ltr'><strong>(1123,th</strong></span> <span class='ocrx_word' id='word_1_55' title='bbox 470 741 545 802; x_wconf 91' lang='lat' dir='ltr'><strong>circa</strong></span> <span class='ocrx_word' id='word_1_56' title='bbox 572 762 597 800; x_wconf 87' lang='lat' dir='ltr'><strong>a.</strong></span> <span class='ocrx_word' id='word_1_57' title='bbox 618 747 686 802; x_wconf 84' lang='grc'><strong>680.</strong></span> <span class='ocrx_word' id='word_1_58' title='bbox 708 744 747 801; x_wconf 87' lang='lat' dir='ltr'><strong>U.</strong></span> <span class='ocrx_word' id='word_1_59' title='bbox 768 741 820 816; x_wconf 91' lang='lat' dir='ltr'><strong>C.,</strong></span> <span class='ocrx_word' id='word_1_60' title='bbox 851 740 1019 803; x_wconf 78' lang='lat' dir='ltr'><strong>adolescens</strong></span> <span class='ocrx_word' id='word_1_61' title='bbox 1048 743 1087 818; x_wconf 86' lang='lat' dir='ltr'><strong>Q.</strong></span> <span class='ocrx_word' id='word_1_62' title='bbox 1116 741 1266 803; x_wconf 78' lang='lat' dir='ltr'><strong>Metellum</strong></span> 
     </span>
     <span class='ocr_line' id='line_1_7' title="bbox 198 821 1268 907; baseline 0.002 -22"><span class='ocrx_word' id='word_1_63' title='bbox 198 823 365 907; x_wconf 87' lang='lat' dir='ltr'><strong>Nepotem,</strong></span> <span class='ocrx_word' id='word_1_64' title='bbox 382 822 521 885; x_wconf 88' lang='lat' dir='ltr'><strong>Baleariei</strong></span> <span class='ocrx_word' id='word_1_65' title='bbox 541 821 650 896; x_wconf 88' lang='lat' dir='ltr'><strong>lilium,</strong></span> <span class='ocrx_word' id='word_1_66' title='bbox 670 823 832 898; x_wconf 87' lang='lat' dir='ltr'><strong>accusavit,</strong></span> <span class='ocrx_word' id='word_1_67' title='bbox 854 822 991 895; x_wconf 80' lang='lat' dir='ltr'><strong>tribunus</strong></span> <span class='ocrx_word' id='word_1_68' title='bbox 1011 823 1051 906; x_wconf 89' lang='lat' dir='ltr'><strong>pl.</strong></span> <span class='ocrx_word' id='word_1_69' title='bbox 1070 823 1129 883; x_wconf 86' lang='lat' dir='ltr'><strong>luit</strong></span> <span class='ocrx_word' id='word_1_70' title='bbox 1147 827 1219 887; x_wconf 87' lang='grc'><strong>664.</strong></span> <span class='ocrx_word' id='word_1_71' title='bbox 1239 835 1268 886; x_wconf 84' lang='lat' dir='ltr'><strong>et</strong></span> 
     </span>
     <span class='ocr_line' id='line_1_8' title="bbox 199 903 1265 989; baseline -0.001 -21"><span class='ocrx_word' id='word_1_72' title='bbox 199 910 266 968; x_wconf 78' lang='lat' dir='ltr'><strong>cnm</strong></span> <span class='ocrx_word' id='word_1_73' title='bbox 286 905 368 967; x_wconf 86' lang='lat' dir='ltr'><strong>Sulla</strong></span> <span class='ocrx_word' id='word_1_74' title='bbox 386 905 497 989; x_wconf 86' lang='lat' dir='ltr'><strong>legatus</strong></span> <span class='ocrx_word' id='word_1_75' title='bbox 519 903 551 965; x_wconf 91' lang='lat' dir='ltr'><strong>in</strong></span> <span class='ocrx_word' id='word_1_76' title='bbox 574 904 651 965; x_wconf 84' lang='lat' dir='ltr'><strong>bello</strong></span> <span class='ocrx_word' id='word_1_77' title='bbox 679 904 894 980; x_wconf 75' lang='lat' dir='ltr'><strong>Mithridatico,</strong></span> <span class='ocrx_word' id='word_1_78' title='bbox 923 905 1002 966; x_wconf 90' lang='lat' dir='ltr'><strong>uude</strong></span> <span class='ocrx_word' id='word_1_79' title='bbox 1021 917 1163 967; x_wconf 86' lang='lat' dir='ltr'><strong>reversus</strong></span> <span class='ocrx_word' id='word_1_80' title='bbox 1184 921 1265 988; x_wconf 81' lang='lat' dir='ltr'><strong>prat-</strong></span> 
     </span>
     <span class='ocr_line' id='line_1_9' title="bbox 198 984 1266 1071; baseline -0.002 -21"><span class='ocrx_word' id='word_1_81' title='bbox 198 1000 265 1050; x_wconf 83' lang='lat' dir='ltr'><strong>tura</strong></span> <span class='ocrx_word' id='word_1_82' title='bbox 287 993 356 1048; x_wconf 81' lang='lat'><strong>67³.</strong></span> <span class='ocrx_word' id='word_1_83' title='bbox 375 999 457 1071; x_wconf 90' lang='lat' dir='ltr'><strong>gesta</strong></span> <span class='ocrx_word' id='word_1_84' title='bbox 477 986 581 1049; x_wconf 86' lang='lat' dir='ltr'><strong>consul</strong></span> <span class='ocrx_word' id='word_1_85' title='bbox 594 993 662 1048; x_wconf 85' lang='grc'><strong>678.</strong></span> <span class='ocrx_word' id='word_1_86' title='bbox 681 998 795 1049; x_wconf 86' lang='lat' dir='ltr'><strong>creatus</strong></span> <span class='ocrx_word' id='word_1_87' title='bbox 812 999 857 1049; x_wconf 88' lang='lat' dir='ltr'><strong>est</strong></span> <span class='ocrx_word' id='word_1_88' title='bbox 877 1011 942 1049; x_wconf 89' lang='lat' dir='ltr'><strong>eum</strong></span> <span class='ocrx_word' id='word_1_89' title='bbox 957 984 1011 1049; x_wconf 91' lang='lat' dir='ltr'><strong>Cu.</strong></span> <span class='ocrx_word' id='word_1_90' title='bbox 1027 988 1163 1050; x_wconf 84' lang='lat' dir='ltr'><strong>Octavio.</strong></span> <span class='ocrx_word' id='word_1_91' title='bbox 1194 990 1266 1049; x_wconf 87' lang='lat' dir='ltr'><strong>Pro-</strong></span> 
     </span>
     <span class='ocr_line' id='line_1_10' title="bbox 198 1068 1267 1152; baseline -0.002 -20"><span class='ocrx_word' id='word_1_92' title='bbox 198 1068 304 1132; x_wconf 83' lang='lat' dir='ltr'><strong>consul</strong></span> <span class='ocrx_word' id='word_1_93' title='bbox 324 1068 521 1131; x_wconf 88' lang='lat' dir='ltr'><strong>Macedoniam</strong></span> <span class='ocrx_word' id='word_1_94' title='bbox 541 1090 595 1152; x_wconf 88' lang='lat' dir='ltr'><strong>per</strong></span> <span class='ocrx_word' id='word_1_95' title='bbox 621 1068 778 1128; x_wconf 80' lang='lat' dir='ltr'><strong>triennium</strong></span> <span class='ocrx_word' id='word_1_96' title='bbox 802 1069 878 1130; x_wconf 80' lang='lat' dir='ltr'><strong>rexit</strong></span> <span class='ocrx_word' id='word_1_97' title='bbox 905 1069 1041 1151; x_wconf 83' lang='lat' dir='ltr'><strong>belloque</strong></span> <span class='ocrx_word' id='word_1_98' title='bbox 1068 1073 1135 1131; x_wconf 81' lang='lat' dir='ltr'><strong>caira</strong></span> <span class='ocrx_word' id='word_1_99' title='bbox 1157 1070 1267 1131; x_wconf 60' lang='lat' dir='ltr'><strong>Dardas</strong></span> 
     </span>
     <span class='ocr_line' id='line_1_11' title="bbox 198 1150 1267 1249; baseline 0 -36"><span class='ocrx_word' id='word_1_100' title='bbox 198 1151 246 1215; x_wconf 82' lang='lat' dir='ltr'><strong>uis</strong></span> <span class='ocrx_word' id='word_1_101' title='bbox 278 1172 350 1237; x_wconf 84' lang='lat' dir='ltr'><strong>pros</strong></span> <span class='ocrx_word' id='word_1_102' title='bbox 371 1172 421 1213; x_wconf 88' lang='lat' dir='ltr'><strong>ere</strong></span> <span class='ocrx_word' id='word_1_103' title='bbox 448 1163 532 1249; x_wconf 83' lang='lat' dir='ltr'><strong>gesto</strong></span> <span class='ocrx_word' id='word_1_104' title='bbox 552 1150 743 1238; x_wconf 83' lang='lat' dir='ltr'><strong>triumphavit</strong></span> <span class='ocrx_word' id='word_1_105' title='bbox 765 1158 833 1215; x_wconf 80' lang='grc'><strong>683.</strong></span> <span class='ocrx_word' id='word_1_106' title='bbox 875 1153 981 1212; x_wconf 82' lang='lat' dir='ltr'><strong>Postea</strong></span> <span class='ocrx_word' id='word_1_107' title='bbox 1000 1151 1108 1212; x_wconf 87' lang='lat' dir='ltr'><strong>amicus</strong></span> <span class='ocrx_word' id='word_1_108' title='bbox 1128 1150 1267 1214; x_wconf 83' lang='lat' dir='ltr'><strong>Ciceroni</strong></span> 
     </span>
     <span class='ocr_line' id='line_1_12' title="bbox 199 1174 1267 1317; baseline 0 -22"><span class='ocrx_word' id='word_1_109' title='bbox 199 1231 332 1295; x_wconf 86' lang='lat' dir='ltr'><strong>Caesaris</strong></span> <span class='ocrx_word' id='word_1_110' title='bbox 351 1174 463 1294; x_wconf 86' lang='lat' dir='ltr'><strong>iibidinr</strong></span> <span class='ocrx_word' id='word_1_111' title='bbox 482 1232 611 1314; x_wconf 85' lang='lat' dir='ltr'><strong>quamvis</strong></span> <span class='ocrx_word' id='word_1_112' title='bbox 633 1254 698 1293; x_wconf 86' lang='lat' dir='ltr'><strong>cum</strong></span> <span class='ocrx_word' id='word_1_113' title='bbox 720 1233 859 1316; x_wconf 87' lang='lat' dir='ltr'><strong>Pompeio</strong></span> <span class='ocrx_word' id='word_1_114' title='bbox 877 1233 970 1294; x_wconf 87' lang='lat' dir='ltr'><strong>iuncti</strong></span> <span class='ocrx_word' id='word_1_115' title='bbox 988 1233 1126 1317; x_wconf 86' lang='lat' dir='ltr'><strong>gravibus</strong></span> <span class='ocrx_word' id='word_1_116' title='bbox 1147 1246 1267 1295; x_wconf 86' lang='lat' dir='ltr'><strong>senteu-</strong></span> 
     </span>
     <span class='ocr_line' id='line_1_13' title="bbox 198 1314 1265 1390; baseline 0.002 -14"><span class='ocrx_word' id='word_1_117' title='bbox 198 1315 250 1376; x_wconf 86' lang='lat' dir='ltr'><strong>tiis</strong></span> <span class='ocrx_word' id='word_1_118' title='bbox 270 1329 300 1377; x_wconf 91' lang='lat' dir='ltr'><strong>et</strong></span> <span class='ocrx_word' id='word_1_119' title='bbox 322 1314 503 1377; x_wconf 88' lang='lat' dir='ltr'><strong>orationibus</strong></span> <span class='ocrx_word' id='word_1_120' title='bbox 523 1315 554 1375; x_wconf 91' lang='lat' dir='ltr'><strong>iu</strong></span> <span class='ocrx_word' id='word_1_121' title='bbox 575 1328 676 1375; x_wconf 85' lang='lat' dir='ltr'><strong>senatu</strong></span> <span class='ocrx_word' id='word_1_122' title='bbox 695 1314 800 1375; x_wconf 87' lang='lat' dir='ltr'><strong>habitis</strong></span> <span class='ocrx_word' id='word_1_123' title='bbox 814 1316 982 1377; x_wconf 83' lang='lat' dir='ltr'><strong>adversatus</strong></span> <span class='ocrx_word' id='word_1_124' title='bbox 997 1327 1053 1390; x_wconf 92' lang='lat' dir='ltr'><strong>est,</strong></span> <span class='ocrx_word' id='word_1_125' title='bbox 1074 1317 1126 1377; x_wconf 91' lang='lat' dir='ltr'><strong>sed</strong></span> <span class='ocrx_word' id='word_1_126' title='bbox 1147 1315 1265 1379; x_wconf 86' lang='lat' dir='ltr'><strong>lrustra.</strong></span> 
     </span>
     <span class='ocr_line' id='line_1_14' title="bbox 199 1396 1266 1479; baseline -0.001 -20"><span class='ocrx_word' id='word_1_127' title='bbox 199 1397 337 1459; x_wconf 86' lang='lat' dir='ltr'><strong>Mortuus</strong></span> <span class='ocrx_word' id='word_1_128' title='bbox 358 1409 404 1459; x_wconf 90' lang='lat' dir='ltr'><strong>est</strong></span> <span class='ocrx_word' id='word_1_129' title='bbox 425 1404 493 1460; x_wconf 89' lang='grc'><strong>701.</strong></span> <span class='ocrx_word' id='word_1_130' title='bbox 532 1399 642 1457; x_wconf 80' lang='lat' dir='ltr'><strong>Paucae</strong></span> <span class='ocrx_word' id='word_1_131' title='bbox 669 1396 731 1457; x_wconf 88' lang='lat' dir='ltr'><strong>eius</strong></span> <span class='ocrx_word' id='word_1_132' title='bbox 760 1408 847 1457; x_wconf 87' lang='lat' dir='ltr'><strong>oratt.</strong></span> <span class='ocrx_word' id='word_1_133' title='bbox 864 1409 1064 1458; x_wconf 80' lang='lat' dir='ltr'><strong>memorantur</strong></span> <span class='ocrx_word' id='word_1_134' title='bbox 1085 1419 1140 1479; x_wconf 90' lang='lat' dir='ltr'><strong>pro</strong></span> <span class='ocrx_word' id='word_1_135' title='bbox 1170 1397 1266 1459; x_wconf 80' lang='lat' dir='ltr'><strong>iratri-</strong></span> 
     </span>
     <span class='ocr_line' id='line_1_15' title="bbox 199 1474 1266 1562; baseline -0.001 -21"><span class='ocrx_word' id='word_1_136' title='bbox 199 1478 255 1541; x_wconf 81' lang='lat' dir='ltr'><strong>bus</strong></span> <span class='ocrx_word' id='word_1_137' title='bbox 282 1477 384 1542; x_wconf 85' lang='lat' dir='ltr'><strong>Cossis</strong></span> <span class='ocrx_word' id='word_1_138' title='bbox 405 1492 507 1542; x_wconf 89' lang='lat' dir='ltr'><strong>contra</strong></span> <span class='ocrx_word' id='word_1_139' title='bbox 532 1478 695 1538; x_wconf 82' lang='lat' dir='ltr'><strong>Antonium</strong></span> <span class='ocrx_word' id='word_1_140' title='bbox 717 1474 888 1555; x_wconf 74' lang='lat' dir='ltr'><strong>¹oratorem,</strong></span> <span class='ocrx_word' id='word_1_141' title='bbox 914 1501 970 1562; x_wconf 90' lang='lat' dir='ltr'><strong>pro</strong></span> <span class='ocrx_word' id='word_1_142' title='bbox 992 1481 1055 1540; x_wconf 87' lang='lat' dir='ltr'><strong>Ser.</strong></span> <span class='ocrx_word' id='word_1_143' title='bbox 1077 1480 1209 1557; x_wconf 88' lang='lat' dir='ltr'><strong>Naevio,</strong></span> <span class='ocrx_word' id='word_1_144' title='bbox 1235 1479 1266 1540; x_wconf 91' lang='lat' dir='ltr'><strong>in</strong></span> 
     </span>
     <span class='ocr_line' id='line_1_16' title="bbox 200 1559 1265 1645; baseline 0 -22"><span class='ocrx_word' id='word_1_145' title='bbox 200 1563 240 1638; x_wconf 85' lang='lat' dir='ltr'><strong>Q.</strong></span> <span class='ocrx_word' id='word_1_146' title='bbox 261 1563 428 1645; x_wconf 84' lang='lat' dir='ltr'><strong>Metellum,</strong></span> <span class='ocrx_word' id='word_1_147' title='bbox 459 1575 489 1623; x_wconf 92' lang='lat' dir='ltr'><strong>et</strong></span> <span class='ocrx_word' id='word_1_148' title='bbox 515 1560 673 1642; x_wconf 73' lang='lat' dir='ltr'><strong>reliquiaet</strong></span> <span class='ocrx_word' id='word_1_149' title='bbox 699 1559 769 1622; x_wconf 86' lang='lat' dir='ltr'><strong>item</strong></span> <span class='ocrx_word' id='word_1_150' title='bbox 789 1560 939 1645; x_wconf 75' lang='lat' dir='ltr'><strong>dialogus,</strong></span> <span class='ocrx_word' id='word_1_151' title='bbox 964 1562 996 1622; x_wconf 90' lang='lat' dir='ltr'><strong>in</strong></span> <span class='ocrx_word' id='word_1_152' title='bbox 1024 1583 1084 1642; x_wconf 88' lang='lat' dir='ltr'><strong>quo</strong></span> <span class='ocrx_word' id='word_1_153' title='bbox 1113 1560 1265 1623; x_wconf 84' lang='lat' dir='ltr'><strong>Caesarem</strong></span> 
     </span>
     <span class='ocr_line' id='line_1_17' title="bbox 199 1642 1266 1725; baseline 0 -21"><span class='ocrx_word' id='word_1_154' title='bbox 199 1644 362 1719; x_wconf 79' lang='lat' dir='ltr'><strong>exagitavit.</strong></span> <span class='ocrx_word' id='word_1_155' title='bbox 416 1648 441 1704; x_wconf 80' lang='grc' dir='ltr'>Α</span> <span class='ocrx_word' id='word_1_156' title='bbox 476 1642 548 1705; x_wconf 89' lang='lat' dir='ltr'><strong>mala</strong></span> <span class='ocrx_word' id='word_1_157' title='bbox 586 1643 701 1704; x_wconf 89' lang='lat' dir='ltr'><strong>actione</strong></span> <span class='ocrx_word' id='word_1_158' title='bbox 737 1644 909 1717; x_wconf 76' lang='lat' dir='ltr'><strong>Burbuleii,</strong></span> <span class='ocrx_word' id='word_1_159' title='bbox 946 1643 1065 1725; x_wconf 90' lang='lat' dir='ltr'><strong>pessimi</strong></span> <span class='ocrx_word' id='word_1_160' title='bbox 1101 1644 1266 1721; x_wconf 85' lang='lat' dir='ltr'><strong>histrionis,</strong></span> 
     </span>
     <span class='ocr_line' id='line_1_18' title="bbox 198 1724 1265 1809; baseline 0.003 -25"><span class='ocrx_word' id='word_1_161' title='bbox 198 1747 343 1809; x_wconf 84' lang='lat' dir='ltr'><strong>agnomen</strong></span> <span class='ocrx_word' id='word_1_162' title='bbox 362 1727 458 1789; x_wconf 83' lang='lat' dir='ltr'><strong>traxit.</strong></span> <span class='ocrx_word' id='word_1_163' title='bbox 499 1724 554 1784; x_wconf 81' lang='lat' dir='ltr'><strong>Vd.</strong></span> <span class='ocrx_word' id='word_1_164' title='bbox 576 1726 728 1786; x_wconf 88' lang='lat' dir='ltr'><strong>Onomast.</strong></span> <span class='ocrx_word' id='word_1_165' title='bbox 748 1725 825 1786; x_wconf 86' lang='lat' dir='ltr'><strong>Tull.</strong></span> <span class='ocrx_word' id='word_1_166' title='bbox 846 1727 878 1787; x_wconf 89' lang='lat' dir='ltr'><strong>P.</strong></span> <span class='ocrx_word' id='word_1_167' title='bbox 899 1727 932 1786; x_wconf 88' lang='lat' dir='ltr'><strong>ll.</strong></span> <span class='ocrx_word' id='word_1_168' title='bbox 950 1748 978 1806; x_wconf 84' lang='lat' dir='ltr'><strong>p.</strong></span> <span class='ocrx_word' id='word_1_169' title='bbox 998 1732 1057 1794; x_wconf 83' lang='grc'><strong>626</strong></span> <span class='ocrx_word' id='word_1_170' title='bbox 1074 1749 1118 1808; x_wconf 89' lang='lat' dir='ltr'><strong>sq.</strong></span> <span class='ocrx_word' id='word_1_171' title='bbox 1138 1726 1265 1787; x_wconf 84' lang='lat' dir='ltr'><strong>Ellendt.</strong></span> 
     </span>
     <span class='ocr_line' id='line_1_19' title="bbox 168 1803 1264 1892; baseline -0.002 -23"><span class='ocrx_word' id='word_1_172' title='bbox 168 1845 171 1849; x_wconf 93' lang='lat'><em>-</em></span> <span class='ocrx_word' id='word_1_173' title='bbox 199 1807 334 1892; x_wconf 83' lang='lat' dir='ltr'><strong>Prologg.</strong></span> <span class='ocrx_word' id='word_1_174' title='bbox 362 1807 532 1892; x_wconf 80' lang='lat' dir='ltr'><strong>p.·xcvttt</strong></span> <span class='ocrx_word' id='word_1_175' title='bbox 548 1829 592 1888; x_wconf 84' lang='lat' dir='ltr'><strong>sq.</strong></span> <span class='ocrx_word' id='word_1_176' title='bbox 621 1810 731 1892; x_wconf 75' lang='lat' dir='ltr'><strong>Meyer.</strong></span> <span class='ocrx_word' id='word_1_177' title='bbox 760 1819 844 1868; x_wconf 76' lang='lat' dir='ltr'><strong>oratt</strong></span> <span class='ocrx_word' id='word_1_178' title='bbox 871 1811 986 1869; x_wconf 85' lang='lat' dir='ltr'><strong>Romm.</strong></span> <span class='ocrx_word' id='word_1_179' title='bbox 1017 1803 1119 1891; x_wconf 78' lang='lat' dir='ltr'><strong>fragm.</strong></span> <span class='ocrx_word' id='word_1_180' title='bbox 1147 1830 1177 1891; x_wconf 87' lang='lat' dir='ltr'><strong>p.</strong></span> <span class='ocrx_word' id='word_1_181' title='bbox 1200 1815 1264 1869; x_wconf 92' lang='grc'><strong>165.</strong></span> 
     </span>
     <span class='ocr_line' id='line_1_20' title="bbox 198 1888 1267 1972; baseline 0.001 -23"><span class='ocrx_word' id='word_1_182' title='bbox 198 1892 425 1958; x_wconf 80' lang='lat' dir='ltr'><strong>Wcstcrm.&#39;G.</strong></span> <span class='ocrx_word' id='word_1_183' title='bbox 446 1891 473 1952; x_wconf 93' lang='lat' dir='ltr'><strong>d.</strong></span> <span class='ocrx_word' id='word_1_184' title='bbox 496 1912 520 1950; x_wconf 90' lang='lat' dir='ltr'><strong>r.</strong></span> <span class='ocrx_word' id='word_1_185' title='bbox 536 1888 570 1948; x_wconf 95' lang='grc' dir='ltr'><strong>Β.</strong></span> <span class='ocrx_word' id='word_1_186' title='bbox 590 1888 618 1972; x_wconf 80' lang='lat'><strong>§.</strong></span> <span class='ocrx_word' id='word_1_187' title='bbox 639 1895 688 1951; x_wconf 89' lang='grc'><strong>45.</strong></span> <span class='ocrx_word' id='word_1_188' title='bbox 729 1890 757 1949; x_wconf 77' lang='lat' dir='ltr'><strong>A</strong></span> <span class='ocrx_word' id='word_1_189' title='bbox 777 1888 921 1951; x_wconf 88' lang='lat' dir='ltr'><strong>Cicerone</strong></span> <span class='ocrx_word' id='word_1_190' title='bbox 941 1890 1023 1950; x_wconf 88' lang='lat' dir='ltr'><strong>valde</strong></span> <span class='ocrx_word' id='word_1_191' title='bbox 1043 1890 1267 1971; x_wconf 82' lang='lat' dir='ltr'><strong>reprehenditur</strong></span> 
     </span>
     <span class='ocr_line' id='line_1_21' title="bbox 198 1971 1266 2056; baseline -0.001 -23"><span class='ocrx_word' id='word_1_192' title='bbox 198 1973 282 2033; x_wconf 87' lang='lat' dir='ltr'><strong>Brut.</strong></span> <span class='ocrx_word' id='word_1_193' title='bbox 303 1979 354 2046; x_wconf 86' lang='lat'><strong>58,</strong></span> <span class='ocrx_word' id='word_1_194' title='bbox 377 1979 445 2035; x_wconf 88' lang='grc'><strong>210.</strong></span> <span class='ocrx_word' id='word_1_195' title='bbox 487 1973 584 2032; x_wconf 83' lang='lat' dir='ltr'><strong>Erant</strong></span> <span class='ocrx_word' id='word_1_196' title='bbox 609 1983 726 2048; x_wconf 84' lang='lat' dir='ltr'><strong>tamen,</strong></span> <span class='ocrx_word' id='word_1_197' title='bbox 753 1974 854 2056; x_wconf 74' lang='lat' dir='ltr'><strong>quidus</strong></span> <span class='ocrx_word' id='word_1_198' title='bbox 881 1971 1027 2032; x_wconf 81' lang='lat' dir='ltr'><strong>uideretur</strong></span> <span class='ocrx_word' id='word_1_199' title='bbox 1052 1975 1131 2032; x_wconf 87' lang='lat' dir='ltr'><strong>illius</strong></span> <span class='ocrx_word' id='word_1_200' title='bbox 1159 1976 1266 2032; x_wconf 86' lang='lat' dir='ltr'><strong>aetatis</strong></span> 
     </span>
     <span class='ocr_line' id='line_1_22' title="bbox 198 2050 1266 2138; baseline 0 -23"><span class='ocrx_word' id='word_1_201' title='bbox 198 2060 302 2115; x_wconf 77' lang='lat' dir='ltr'><strong>tertius</strong></span> <span class='ocrx_word' id='word_1_202' title='bbox 326 2054 429 2129; x_wconf 79' lang='lat' dir='ltr'><strong>Curio,</strong></span> <span class='ocrx_word' id='word_1_203' title='bbox 456 2058 525 2137; x_wconf 83' lang='lat' dir='ltr'><strong>quia</strong></span> <span class='ocrx_word' id='word_1_204' title='bbox 548 2054 788 2138; x_wconf 77' lang='lat' dir='ltr'><strong>splendidioribus</strong></span> <span class='ocrx_word' id='word_1_205' title='bbox 807 2050 941 2133; x_wconf 83' lang='lat' dir='ltr'><strong>fortusse</strong></span> <span class='ocrx_word' id='word_1_206' title='bbox 956 2055 1053 2113; x_wconf 75' lang='lat' dir='ltr'><strong>‘cerdis</strong></span> <span class='ocrx_word' id='word_1_207' title='bbox 1081 2055 1220 2114; x_wconf 82' lang='lat' dir='ltr'><strong>utebatur</strong></span> <span class='ocrx_word' id='word_1_208' title='bbox 1238 2064 1266 2115; x_wconf 78' lang='lat' dir='ltr'><strong>et</strong></span> 
     </span>
     <span class='ocr_line' id='line_1_23' title="bbox 198 2136 1265 2219; baseline 0.001 -24"><span class='ocrx_word' id='word_1_209' title='bbox 198 2140 269 2219; x_wconf 82' lang='lat' dir='ltr'><strong>quia</strong></span> <span class='ocrx_word' id='word_1_210' title='bbox 290 2136 395 2195; x_wconf 83' lang='lat' dir='ltr'><strong>Latina</strong></span> <span class='ocrx_word' id='word_1_211' title='bbox 415 2157 470 2196; x_wconf 80' lang='lat' dir='ltr'><strong>nort</strong></span> <span class='ocrx_word' id='word_1_212' title='bbox 487 2140 612 2215; x_wconf 79' lang='lat' dir='ltr'><strong>pessima</strong></span> <span class='ocrx_word' id='word_1_213' title='bbox 633 2136 805 2218; x_wconf 78' lang='lat' dir='ltr'><strong>loquebatur</strong></span> <span class='ocrx_word' id='word_1_214' title='bbox 826 2159 894 2210; x_wconf 89' lang='lat' dir='ltr'><strong>usu,</strong></span> <span class='ocrx_word' id='word_1_215' title='bbox 921 2136 1028 2209; x_wconf 78' lang='lat' dir='ltr'><strong>credo,</strong></span> <span class='ocrx_word' id='word_1_216' title='bbox 1049 2138 1145 2218; x_wconf 81' lang='lat' dir='ltr'><strong>aliquo</strong></span> <span class='ocrx_word' id='word_1_217' title='bbox 1167 2137 1265 2196; x_wconf 76' lang='lat' dir='ltr'><strong>doma-</strong></span> 
     </span>
     <span class='ocr_line' id='line_1_24' title="bbox 127 2216 1265 2293; baseline 0.001 -15"><span class='ocrx_word' id='word_1_218' title='bbox 127 2216 129 2220; x_wconf 69' lang='grc'><strong>’</strong></span> <span class='ocrx_word' id='word_1_219' title='bbox 197 2221 291 2286; x_wconf 79' lang='lat' dir='ltr'><strong>stico,·</strong></span> <span class='ocrx_word' id='word_1_220' title='bbox 319 2218 575 2282; x_wconf 80' lang='lat' dir='ltr'><strong>nanr&#39;litterarum</strong></span> <span class='ocrx_word' id='word_1_221' title='bbox 596 2218 754 2288; x_wconf 81' lang='lat' dir='ltr'><strong>admodum</strong></span> <span class='ocrx_word' id='word_1_222' title='bbox 776 2218 850 2277; x_wconf 74' lang='lat' dir='ltr'><strong>uiuit</strong></span> <span class='ocrx_word' id='word_1_223' title='bbox 869 2219 989 2278; x_wconf 82' lang='lat' dir='ltr'><strong>sciebat.</strong></span> <span class='ocrx_word' id='word_1_224' title='bbox 1010 2222 1060 2293; x_wconf 83' lang='lat'><strong>59,</strong></span> <span class='ocrx_word' id='word_1_225' title='bbox 1083 2224 1153 2278; x_wconf 84' lang='grc'><strong>213.</strong></span> <span class='ocrx_word' id='word_1_226' title='bbox 1176 2221 1265 2279; x_wconf 79' lang='lat' dir='ltr'><strong>tremi-</strong></span> 
     </span>
     <span class='ocr_line' id='line_1_25' title="bbox 198 2297 1265 2383; baseline -0.001 -22"><span class='ocrx_word' id='word_1_227' title='bbox 198 2321 264 2361; x_wconf 83' lang='lat' dir='ltr'><strong>nem</strong></span> <span class='ocrx_word' id='word_1_228' title='bbox 285 2320 322 2359; x_wconf 76' lang='lat' dir='ltr'><strong>aa</strong></span> <span class='ocrx_word' id='word_1_229' title='bbox 342 2303 379 2359; x_wconf 89' lang='lat' dir='ltr'><strong>iis</strong></span> <span class='ocrx_word' id='word_1_230' title='bbox 400 2299 536 2381; x_wconf 81' lang='lat' dir='ltr'><strong>quidem,</strong></span> <span class='ocrx_word' id='word_1_231' title='bbox 561 2302 612 2382; x_wconf 84' lang='lat' dir='ltr'><strong>qui</strong></span> <span class='ocrx_word' id='word_1_232' title='bbox 629 2301 725 2383; x_wconf 83' lang='lat' dir='ltr'><strong>aliquo</strong></span> <span class='ocrx_word' id='word_1_233' title='bbox 748 2303 778 2359; x_wconf 89' lang='lat' dir='ltr'><strong>in</strong></span> <span class='ocrx_word' id='word_1_234' title='bbox 797 2297 916 2361; x_wconf 77' lang='lat' dir='ltr'><strong>numero</strong></span> <span class='ocrx_word' id='word_1_235' title='bbox 932 2298 1069 2379; x_wconf 80' lang='lat' dir='ltr'><strong>suerunt,</strong></span> <span class='ocrx_word' id='word_1_236' title='bbox 1098 2304 1220 2375; x_wconf 72' lang='lat' dir='ltr'><strong>cogitavi</strong></span> <span class='ocrx_word' id='word_1_237' title='bbox 1236 2305 1265 2360; x_wconf 85' lang='lat' dir='ltr'><strong>iu</strong></span> 
     </span>
     <span class='ocr_line' id='line_1_26' title="bbox 198 2382 1265 2458; baseline -0.003 -15"><span class='ocrx_word' id='word_1_238' title='bbox 198 2385 279 2443; x_wconf 85' lang='lat' dir='ltr'><strong>omni</strong></span> <span class='ocrx_word' id='word_1_239' title='bbox 296 2389 403 2458; x_wconf 70' lang='lat' dir='ltr'><strong>genera</strong></span> <span class='ocrx_word' id='word_1_240' title='bbox 422 2383 608 2442; x_wconf 80' lang='lat' dir='ltr'><strong>honestarum</strong></span> <span class='ocrx_word' id='word_1_241' title='bbox 623 2386 733 2442; x_wconf 88' lang='lat' dir='ltr'><strong>artium</strong></span> <span class='ocrx_word' id='word_1_242' title='bbox 749 2394 811 2443; x_wconf 87' lang='lat' dir='ltr'><strong>tam</strong></span> <span class='ocrx_word' id='word_1_243' title='bbox 828 2383 975 2443; x_wconf 80' lang='lat' dir='ltr'><strong>indoctum</strong></span> <span class='ocrx_word' id='word_1_244' title='bbox 992 2392 1054 2441; x_wconf 88' lang='lat' dir='ltr'><strong>tam</strong></span> <span class='ocrx_word' id='word_1_245' title='bbox 1068 2382 1182 2443; x_wconf 76' lang='lat' dir='ltr'><strong>rudent.</strong></span> <span class='ocrx_word' id='word_1_246' title='bbox 1198 2384 1265 2444; x_wconf 81' lang='grc'><strong>214.</strong></span> 
     </span>
     <span class='ocr_line' id='line_1_27' title="bbox 197 2465 1263 2546; baseline -0.002 -20"><span class='ocrx_word' id='word_1_247' title='bbox 197 2465 317 2527; x_wconf 85' lang='lat' dir='ltr'><strong>Nullum</strong></span> <span class='ocrx_word' id='word_1_248' title='bbox 337 2467 387 2525; x_wconf 84' lang='lat' dir='ltr'><strong>illa</strong></span> <span class='ocrx_word' id='word_1_249' title='bbox 401 2475 520 2546; x_wconf 78' lang='lat' dir='ltr'><strong>poetam</strong></span> <span class='ocrx_word' id='word_1_250' title='bbox 542 2475 680 2539; x_wconf 78' lang='lat' dir='ltr'><strong>novarat,</strong></span> <span class='ocrx_word' id='word_1_251' title='bbox 701 2466 811 2525; x_wconf 86' lang='lat' dir='ltr'><strong>nullum</strong></span> <span class='ocrx_word' id='word_1_252' title='bbox 832 2465 946 2540; x_wconf 74' lang='lat' dir='ltr'><strong>legarat</strong></span> <span class='ocrx_word' id='word_1_253' title='bbox 965 2475 1131 2539; x_wconf 79' lang='lat' dir='ltr'><strong>oratorem,</strong></span> <span class='ocrx_word' id='word_1_254' title='bbox 1156 2467 1263 2525; x_wconf 81' lang='lat' dir='ltr'><strong>nullam</strong></span> 
     </span>
     <span class='ocr_line' id='line_1_28' title="bbox 198 2547 1265 2629; baseline -0.002 -21"><span class='ocrx_word' id='word_1_255' title='bbox 198 2551 370 2608; x_wconf 80' lang='lat' dir='ltr'><strong>memoriam</strong></span> <span class='ocrx_word' id='word_1_256' title='bbox 389 2550 574 2628; x_wconf 79' lang='lat' dir='ltr'><strong>antiquitatis</strong></span> <span class='ocrx_word' id='word_1_257' title='bbox 592 2549 767 2622; x_wconf 70' lang='lat' dir='ltr'><strong>collegerat,</strong></span> <span class='ocrx_word' id='word_1_258' title='bbox 797 2567 854 2606; x_wconf 86' lang='lat' dir='ltr'><strong>uon</strong></span> <span class='ocrx_word' id='word_1_259' title='bbox 869 2547 1013 2628; x_wconf 77' lang='lat' dir='ltr'><strong>publicum</strong></span> <span class='ocrx_word' id='word_1_260' title='bbox 1033 2549 1097 2620; x_wconf 87' lang='lat' dir='ltr'><strong>ius,</strong></span> <span class='ocrx_word' id='word_1_261' title='bbox 1125 2568 1184 2606; x_wconf 88' lang='lat' dir='ltr'><strong>uon</strong></span> <span class='ocrx_word' id='word_1_262' title='bbox 1202 2550 1265 2629; x_wconf 82' lang='lat' dir='ltr'><strong>pri·</strong></span> 
     </span>
     <span class='ocr_line' id='line_1_29' title="bbox 171 2622 1264 2712; baseline -0.002 -22"><span class='ocrx_word' id='word_1_263' title='bbox 171 2632 176 2643; x_wconf 79' lang='grc'><em>’</em></span> <span class='ocrx_word' id='word_1_264' title='bbox 198 2639 296 2690; x_wconf 81' lang='lat' dir='ltr'><strong>catum</strong></span> <span class='ocrx_word' id='word_1_265' title='bbox 318 2640 347 2689; x_wconf 83' lang='lat' dir='ltr'><strong>at</strong></span> <span class='ocrx_word' id='word_1_266' title='bbox 365 2631 446 2690; x_wconf 82' lang='lat' dir='ltr'><strong>ciuile</strong></span> <span class='ocrx_word' id='word_1_267' title='bbox 465 2622 646 2704; x_wconf 71' lang='lat' dir='ltr'><strong>cognouerat.</strong></span> <span class='ocrx_word' id='word_1_268' title='bbox 666 2629 694 2712; x_wconf 63' lang='grc' dir='ltr'><strong>ξ.</strong></span> <span class='ocrx_word' id='word_1_269' title='bbox 714 2634 783 2690; x_wconf 85' lang='grc'><strong>216.</strong></span> <span class='ocrx_word' id='word_1_270' title='bbox 824 2629 929 2710; x_wconf 79' lang='lat' dir='ltr'><strong>Itaque</strong></span> <span class='ocrx_word' id='word_1_271' title='bbox 946 2632 976 2688; x_wconf 88' lang='lat' dir='ltr'><strong>iu</strong></span> <span class='ocrx_word' id='word_1_272' title='bbox 996 2627 1120 2688; x_wconf 79' lang='lat' dir='ltr'><strong>Curione</strong></span> <span class='ocrx_word' id='word_1_273' title='bbox 1140 2630 1197 2688; x_wconf 79' lang='lat' dir='ltr'><strong>dou</strong></span> <span class='ocrx_word' id='word_1_274' title='bbox 1217 2648 1264 2688; x_wconf 76' lang='lat' dir='ltr'><strong>oo·</strong></span> 
     </span>
     <span class='ocr_line' id='line_1_30' title="bbox 197 2712 1264 2792; baseline -0.002 -20"><span class='ocrx_word' id='word_1_275' title='bbox 197 2715 312 2772; x_wconf 78' lang='lat' dir='ltr'><strong>rissima</strong></span> <span class='ocrx_word' id='word_1_276' title='bbox 331 2712 461 2771; x_wconf 84' lang='lat' dir='ltr'><strong>iudicari</strong></span> <span class='ocrx_word' id='word_1_277' title='bbox 473 2714 587 2792; x_wconf 79' lang='lat' dir='ltr'><strong>potest,</strong></span> <span class='ocrx_word' id='word_1_278' title='bbox 607 2713 689 2771; x_wconf 85' lang='lat' dir='ltr'><strong>nulla</strong></span> <span class='ocrx_word' id='word_1_279' title='bbox 707 2733 740 2771; x_wconf 80' lang='lat' dir='ltr'><strong>ra</strong></span> <span class='ocrx_word' id='word_1_280' title='bbox 759 2731 818 2770; x_wconf 86' lang='lat' dir='ltr'><strong>uua</strong></span> <span class='ocrx_word' id='word_1_281' title='bbox 838 2713 934 2786; x_wconf 78' lang='lat' dir='ltr'><strong>magis</strong></span> <span class='ocrx_word' id='word_1_282' title='bbox 950 2721 1098 2771; x_wconf 80' lang='lat' dir='ltr'><strong>oratorem</strong></span> <span class='ocrx_word' id='word_1_283' title='bbox 1119 2730 1264 2770; x_wconf 79' lang='lat' dir='ltr'><strong>cominen-</strong></span> 
     </span>
     <span class='ocr_line' id='line_1_31' title="bbox 197 2792 1266 2877; baseline -0.002 -22"><span class='ocrx_word' id='word_1_284' title='bbox 197 2794 268 2855; x_wconf 75' lang='lat' dir='ltr'><strong>daci</strong></span> <span class='ocrx_word' id='word_1_285' title='bbox 284 2814 370 2877; x_wconf 79' lang='lat' dir='ltr'><strong>quam</strong></span> <span class='ocrx_word' id='word_1_286' title='bbox 392 2794 542 2853; x_wconf 73' lang='lat' dir='ltr'><strong>sardorum</strong></span> <span class='ocrx_word' id='word_1_287' title='bbox 560 2794 713 2873; x_wconf 75' lang='lat' dir='ltr'><strong>splendore</strong></span> <span class='ocrx_word' id='word_1_288' title='bbox 732 2803 761 2853; x_wconf 82' lang='lat' dir='ltr'><strong>at</strong></span> <span class='ocrx_word' id='word_1_289' title='bbox 781 2796 884 2873; x_wconf 82' lang='lat' dir='ltr'><strong>copia:</strong></span> <span class='ocrx_word' id='word_1_290' title='bbox 911 2814 979 2851; x_wconf 88' lang='lat' dir='ltr'><strong>nam</strong></span> <span class='ocrx_word' id='word_1_291' title='bbox 1002 2812 1089 2874; x_wconf 82' lang='lat' dir='ltr'><strong>quum</strong></span> <span class='ocrx_word' id='word_1_292' title='bbox 1110 2792 1217 2852; x_wconf 85' lang='lat' dir='ltr'><strong>tardus</strong></span> <span class='ocrx_word' id='word_1_293' title='bbox 1236 2796 1266 2853; x_wconf 83' lang='lat' dir='ltr'><strong>io</strong></span> 
     </span>
     <span class='ocr_line' id='line_1_32' title="bbox 196 2872 1266 2956; baseline -0.004 -18"><span class='ocrx_word' id='word_1_294' title='bbox 196 2876 349 2951; x_wconf 71' lang='lat' dir='ltr'><strong>cogitando</strong></span> <span class='ocrx_word' id='word_1_295' title='bbox 377 2885 437 2936; x_wconf 84' lang='lat' dir='ltr'><strong>tum</strong></span> <span class='ocrx_word' id='word_1_296' title='bbox 467 2879 497 2934; x_wconf 89' lang='lat' dir='ltr'><strong>in</strong></span> <span class='ocrx_word' id='word_1_297' title='bbox 534 2876 701 2936; x_wconf 82' lang='lat' dir='ltr'><strong>instruendo</strong></span> <span class='ocrx_word' id='word_1_298' title='bbox 730 2876 888 2956; x_wconf 84' lang='lat' dir='ltr'><strong>dissipatus</strong></span> <span class='ocrx_word' id='word_1_299' title='bbox 905 2872 976 2952; x_wconf 71' lang='lat' dir='ltr'><strong>¹satit.</strong></span> <span class='ocrx_word' id='word_1_300' title='bbox 1006 2880 1053 2934; x_wconf 89' lang='grc'><strong>60.</strong></span> <span class='ocrx_word' id='word_1_301' title='bbox 1081 2873 1266 2956; x_wconf 82' lang='lat' dir='ltr'><strong>vituperatur</strong></span> 
     </span>
     <span class='ocr_line' id='line_1_33' title="bbox 197 2946 1266 3036; baseline 0.001 -19"><span class='ocrx_word' id='word_1_302' title='bbox 197 2946 338 3018; x_wconf 85' lang='lat' dir='ltr'><strong>imbecilla</strong></span> <span class='ocrx_word' id='word_1_303' title='bbox 364 2956 428 3017; x_wconf 88' lang='lat' dir='ltr'><strong>eius</strong></span> <span class='ocrx_word' id='word_1_304' title='bbox 457 2956 604 3017; x_wconf 86' lang='lat' dir='ltr'><strong>memoria.</strong></span> <span class='ocrx_word' id='word_1_305' title='bbox 626 2991 662 3004; x_wconf 90' lang='lat'><strong>-</strong></span> <span class='ocrx_word' id='word_1_306' title='bbox 709 2957 741 3017; x_wconf 87' lang='lat' dir='ltr'><strong>C.</strong></span> <span class='ocrx_word' id='word_1_307' title='bbox 771 2956 858 3017; x_wconf 86' lang='lat' dir='ltr'><strong>Curio</strong></span> <span class='ocrx_word' id='word_1_308' title='bbox 886 2954 921 3018; x_wconf 87' lang='lat' dir='ltr'><strong>C.</strong></span> <span class='ocrx_word' id='word_1_309' title='bbox 948 2957 980 3016; x_wconf 81' lang='lat' dir='ltr'><strong>F.</strong></span> <span class='ocrx_word' id='word_1_310' title='bbox 1002 2954 1081 3036; x_wconf 90' lang='grc' dir='ltr'>(ΙΙΙ.)</span> <span class='ocrx_word' id='word_1_311' title='bbox 1110 2967 1266 3035; x_wconf 77' lang='lat' dir='ltr'><strong>quaestura</strong></span> 
     </span>
     <span class='ocr_line' id='line_1_34' title="bbox 197 3035 1263 3122; baseline -0.001 -23"><span class='ocrx_word' id='word_1_312' title='bbox 197 3040 230 3099; x_wconf 88' lang='lat' dir='ltr'><strong>in</strong></span> <span class='ocrx_word' id='word_1_313' title='bbox 257 3039 328 3100; x_wconf 84' lang='lat' dir='ltr'><strong>Asia</strong></span> <span class='ocrx_word' id='word_1_314' title='bbox 347 3044 416 3099; x_wconf 88' lang='grc'><strong>701.</strong></span> <span class='ocrx_word' id='word_1_315' title='bbox 443 3039 517 3103; x_wconf 84' lang='lat' dir='ltr'><strong>bene</strong></span> <span class='ocrx_word' id='word_1_316' title='bbox 541 3051 623 3122; x_wconf 88' lang='lat' dir='ltr'><strong>gesta</strong></span> <span class='ocrx_word' id='word_1_317' title='bbox 650 3038 712 3121; x_wconf 88' lang='lat' dir='ltr'><strong>(vd.</strong></span> <span class='ocrx_word' id='word_1_318' title='bbox 741 3037 801 3102; x_wconf 88' lang='lat' dir='ltr'><strong>Cic.</strong></span> <span class='ocrx_word' id='word_1_319' title='bbox 822 3039 896 3119; x_wconf 89' lang='lat' dir='ltr'><strong>Epp.</strong></span> <span class='ocrx_word' id='word_1_320' title='bbox 923 3039 959 3099; x_wconf 85' lang='lat' dir='ltr'><strong>ad</strong></span> <span class='ocrx_word' id='word_1_321' title='bbox 985 3039 1063 3097; x_wconf 87' lang='lat' dir='ltr'><strong>Fam.</strong></span> <span class='ocrx_word' id='word_1_322' title='bbox 1085 3039 1120 3111; x_wconf 90' lang='lat' dir='ltr'><strong>ll,</strong></span> <span class='ocrx_word' id='word_1_323' title='bbox 1148 3042 1204 3098; x_wconf 91' lang='grc'><strong>1-</strong></span> <span class='ocrx_word' id='word_1_324' title='bbox 1219 3035 1263 3121; x_wconf 89' lang='grc'><strong>8.)</strong></span> 
     </span>
     <span class='ocr_line' id='line_1_35' title="bbox 195 3118 1265 3208; baseline -0.001 -26"><span class='ocrx_word' id='word_1_325' title='bbox 195 3121 333 3183; x_wconf 83' lang='lat' dir='ltr'><strong>tribunus</strong></span> <span class='ocrx_word' id='word_1_326' title='bbox 353 3120 393 3202; x_wconf 81' lang='lat' dir='ltr'><strong>pl.</strong></span> <span class='ocrx_word' id='word_1_327' title='bbox 415 3126 481 3183; x_wconf 90' lang='grc'><strong>704.</strong></span> <span class='ocrx_word' id='word_1_328' title='bbox 510 3120 602 3182; x_wconf 85' lang='lat' dir='ltr'><strong>lactus</strong></span> <span class='ocrx_word' id='word_1_329' title='bbox 629 3121 753 3208; x_wconf 86' lang='lat' dir='ltr'><strong>primum</strong></span> <span class='ocrx_word' id='word_1_330' title='bbox 780 3120 945 3202; x_wconf 88' lang='lat' dir='ltr'><strong>apartibus</strong></span> <span class='ocrx_word' id='word_1_331' title='bbox 965 3118 1100 3201; x_wconf 85' lang='lat' dir='ltr'><strong>Pompeii</strong></span> <span class='ocrx_word' id='word_1_332' title='bbox 1121 3131 1200 3182; x_wconf 86' lang='lat' dir='ltr'><strong>stare</strong></span> <span class='ocrx_word' id='word_1_333' title='bbox 1220 3119 1265 3203; x_wconf 78' lang='lat' dir='ltr'><strong>vi·</strong></span> 
     </span>
     <span class='ocr_line' id='line_1_36' title="bbox 197 3199 1288 3286; baseline -0.001 -22"><span class='ocrx_word' id='word_1_334' title='bbox 197 3203 337 3277; x_wconf 83' lang='lat' dir='ltr'><strong>debatur,</strong></span> <span class='ocrx_word' id='word_1_335' title='bbox 357 3204 409 3264; x_wconf 92' lang='lat' dir='ltr'><strong>sed</strong></span> <span class='ocrx_word' id='word_1_336' title='bbox 428 3202 550 3284; x_wconf 84' lang='lat' dir='ltr'><strong>pecunia</strong></span> <span class='ocrx_word' id='word_1_337' title='bbox 571 3215 728 3286; x_wconf 86' lang='lat' dir='ltr'><strong>corruptus</strong></span> <span class='ocrx_word' id='word_1_338' title='bbox 748 3199 880 3264; x_wconf 87' lang='lat' dir='ltr'><strong>Caesaris</strong></span> <span class='ocrx_word' id='word_1_339' title='bbox 901 3223 1013 3262; x_wconf 84' lang='lat' dir='ltr'><strong>causam</strong></span> <span class='ocrx_word' id='word_1_340' title='bbox 1037 3201 1265 3283; x_wconf 78' lang='lat' dir='ltr'><strong>dignitatemque</strong></span> <span class='ocrx_word' id='word_1_341' title='bbox 1285 3239 1288 3247; x_wconf 94' lang='lat'><em>·</em></span> 
     </span>
    </p>
   </div>
   <div class='ocr_carea' id='block_1_3' title="bbox 81 3282 1264 3367">
    <p class='ocr_par' dir='ltr' id='par_1_3' title="bbox 81 3282 1264 3367">
     <span class='ocr_line' id='line_1_37' title="bbox 81 3282 1264 3367; baseline -0.002 -21"><span class='ocrx_word' id='word_1_342' title='bbox 81 3305 84 3312; x_wconf 88' lang='lat'><strong>·</strong></span> <span class='ocrx_word' id='word_1_343' title='bbox 127 3304 149 3336; x_wconf 58' lang='grc' dir='ltr'><strong>ι·</strong></span> <span class='ocrx_word' id='word_1_344' title='bbox 196 3285 403 3347; x_wconf 89' lang='lat' dir='ltr'><strong>defendendam</strong></span> <span class='ocrx_word' id='word_1_345' title='bbox 425 3286 569 3367; x_wconf 87' lang='lat' dir='ltr'><strong>suscepit,</strong></span> <span class='ocrx_word' id='word_1_346' title='bbox 598 3285 633 3346; x_wconf 93' lang='lat' dir='ltr'><strong>ad</strong></span> <span class='ocrx_word' id='word_1_347' title='bbox 660 3307 747 3367; x_wconf 82' lang='lat' dir='ltr'><strong>quern</strong></span> <span class='ocrx_word' id='word_1_348' title='bbox 773 3307 839 3346; x_wconf 87' lang='lat' dir='ltr'><strong>cum</strong></span> <span class='ocrx_word' id='word_1_349' title='bbox 867 3283 987 3366; x_wconf 86' lang='lat' dir='ltr'><strong>collegis</strong></span> <span class='ocrx_word' id='word_1_350' title='bbox 1008 3282 1128 3343; x_wconf 89' lang='lat' dir='ltr'><strong>ineunte</strong></span> <span class='ocrx_word' id='word_1_351' title='bbox 1150 3304 1175 3344; x_wconf 88' lang='lat' dir='ltr'><strong>a.</strong></span> <span class='ocrx_word' id='word_1_352' title='bbox 1196 3287 1264 3345; x_wconf 88' lang='grc'><strong>705.</strong></span> 
     </span>
    </p>
   </div>
   <div class='ocr_carea' id='block_1_4' title="bbox 111 3361 1265 3941">
    <p class='ocr_par' dir='ltr' id='par_1_4' title="bbox 111 3361 1265 3941">
     <span class='ocr_line' id='line_1_38' title="bbox 217 3361 1265 3451; baseline 0.001 -25"><span class='ocrx_word' id='word_1_353' title='bbox 217 3367 347 3451; x_wconf 89' lang='lat' dir='ltr'><strong>rolugit,</strong></span> <span class='ocrx_word' id='word_1_354' title='bbox 382 3388 464 3449; x_wconf 66' lang='lat' dir='ltr'><strong>quae</strong></span> <span class='ocrx_word' id='word_1_355' title='bbox 499 3366 554 3430; x_wconf 88' lang='lat' dir='ltr'><strong>luit</strong></span> <span class='ocrx_word' id='word_1_356' title='bbox 582 3389 667 3428; x_wconf 89' lang='lat' dir='ltr'><strong>causa</strong></span> <span class='ocrx_word' id='word_1_357' title='bbox 694 3366 762 3429; x_wconf 86' lang='lat' dir='ltr'><strong>belli</strong></span> <span class='ocrx_word' id='word_1_358' title='bbox 797 3365 890 3426; x_wconf 85' lang='lat' dir='ltr'><strong>civilis</strong></span> <span class='ocrx_word' id='word_1_359' title='bbox 923 3365 1003 3426; x_wconf 91' lang='lat' dir='ltr'><strong>iuter</strong></span> <span class='ocrx_word' id='word_1_360' title='bbox 1045 3361 1208 3426; x_wconf 75' lang='lat' dir='ltr'><strong>Caesarem</strong></span> <span class='ocrx_word' id='word_1_361' title='bbox 1235 3374 1265 3427; x_wconf 81' lang='lat' dir='ltr'><strong>et</strong></span> 
     </span>
     <span class='ocr_line' id='line_1_39' title="bbox 184 3391 1265 3547; baseline -0.002 -36"><span class='ocrx_word' id='word_1_362' title='bbox 184 3391 374 3531; x_wconf 56' lang='lat' dir='ltr'><strong>dompeium.</strong></span> <span class='ocrx_word' id='word_1_363' title='bbox 415 3450 485 3510; x_wconf 84' lang='lat' dir='ltr'><strong>Mox</strong></span> <span class='ocrx_word' id='word_1_364' title='bbox 504 3462 680 3547; x_wconf 85' lang='lat' dir='ltr'><strong>propraetor</strong></span> <span class='ocrx_word' id='word_1_365' title='bbox 706 3446 739 3510; x_wconf 71' lang='lat' dir='ltr'><strong>in‘</strong></span> <span class='ocrx_word' id='word_1_366' title='bbox 762 3447 890 3510; x_wconf 75' lang='lat' dir='ltr'><strong>Africam</strong></span> <span class='ocrx_word' id='word_1_367' title='bbox 916 3447 952 3507; x_wconf 88' lang='lat' dir='ltr'><strong>ad</strong></span> <span class='ocrx_word' id='word_1_368' title='bbox 971 3445 1078 3508; x_wconf 78' lang='lat' dir='ltr'><strong>bdlum</strong></span> <span class='ocrx_word' id='word_1_369' title='bbox 1103 3447 1265 3530; x_wconf 70' lang='lat' dir='ltr'><strong>gerendum</strong></span> 
     </span>
     <span class='ocr_line' id='line_1_40' title="bbox 194 3526 1262 3614; baseline -0.003 -20"><span class='ocrx_word' id='word_1_370' title='bbox 194 3532 345 3614; x_wconf 85' lang='lat' dir='ltr'><strong>profectus</strong></span> <span class='ocrx_word' id='word_1_371' title='bbox 366 3531 401 3592; x_wconf 87' lang='lat' dir='ltr'><strong>ab</strong></span> <span class='ocrx_word' id='word_1_372' title='bbox 421 3531 567 3612; x_wconf 79' lang='lat' dir='ltr'><strong>equitibus</strong></span> <span class='ocrx_word' id='word_1_373' title='bbox 587 3532 671 3592; x_wconf 85' lang='lat' dir='ltr'><strong>lubae</strong></span> <span class='ocrx_word' id='word_1_374' title='bbox 689 3552 848 3613; x_wconf 88' lang='lat' dir='ltr'><strong>oppressus</strong></span> <span class='ocrx_word' id='word_1_375' title='bbox 871 3529 964 3610; x_wconf 88' lang='lat' dir='ltr'><strong>periit.</strong></span> <span class='ocrx_word' id='word_1_376' title='bbox 1005 3526 1050 3589; x_wconf 87' lang='lat' dir='ltr'><strong>Cl.</strong></span> <span class='ocrx_word' id='word_1_377' title='bbox 1072 3526 1156 3590; x_wconf 84' lang='lat' dir='ltr'><strong>Caes.</strong></span> <span class='ocrx_word' id='word_1_378' title='bbox 1177 3529 1212 3590; x_wconf 91' lang='grc' dir='ltr'><strong>Β.</strong></span> <span class='ocrx_word' id='word_1_379' title='bbox 1228 3527 1262 3591; x_wconf 77' lang='lat' dir='ltr'><strong>C.</strong></span> 
     </span>
     <span class='ocr_line' id='line_1_41' title="bbox 194 3612 1263 3694; baseline -0.003 -19"><span class='ocrx_word' id='word_1_380' title='bbox 194 3615 219 3692; x_wconf 93' lang='lat' dir='ltr'><strong>l,</strong></span> <span class='ocrx_word' id='word_1_381' title='bbox 240 3620 268 3674; x_wconf 89' lang='grc'><strong>5.</strong></span> <span class='ocrx_word' id='word_1_382' title='bbox 297 3616 332 3689; x_wconf 85' lang='grc' dir='ltr'><strong>ΙΙ,</strong></span> <span class='ocrx_word' id='word_1_383' title='bbox 350 3620 388 3674; x_wconf 80' lang='lat'><strong>23</strong></span> <span class='ocrx_word' id='word_1_384' title='bbox 405 3637 447 3694; x_wconf 91' lang='lat' dir='ltr'><strong>sq.</strong></span> <span class='ocrx_word' id='word_1_385' title='bbox 484 3614 557 3674; x_wconf 82' lang='lat' dir='ltr'><strong>vett.</strong></span> <span class='ocrx_word' id='word_1_386' title='bbox 576 3614 637 3674; x_wconf 81' lang='lat' dir='ltr'><strong>Pau</strong></span> <span class='ocrx_word' id='word_1_387' title='bbox 657 3616 693 3689; x_wconf 93' lang='lat' dir='ltr'><strong>ll,</strong></span> <span class='ocrx_word' id='word_1_388' title='bbox 714 3612 763 3675; x_wconf 79' lang='lat' dir='ltr'><strong>to.</strong></span> <span class='ocrx_word' id='word_1_389' title='bbox 787 3661 789 3666; x_wconf 94' lang='lat'><em>.</em></span> <span class='ocrx_word' id='word_1_390' title='bbox 810 3613 892 3672; x_wconf 84' lang='lat' dir='ltr'><strong>Bello</strong></span> <span class='ocrx_word' id='word_1_391' title='bbox 921 3621 1019 3671; x_wconf 83' lang='lat' dir='ltr'><strong>autam</strong></span> <span class='ocrx_word' id='word_1_392' title='bbox 1048 3612 1128 3669; x_wconf 75' lang='lat' dir='ltr'><strong>cotti</strong></span> <span class='ocrx_word' id='word_1_393' title='bbox 1155 3621 1185 3672; x_wconf 88' lang='lat' dir='ltr'><strong>et</strong></span> <span class='ocrx_word' id='word_1_394' title='bbox 1211 3620 1263 3684; x_wconf 85' lang='lat' dir='ltr'><strong>tot,</strong></span> 
     </span>
     <span class='ocr_line' id='line_1_42' title="bbox 194 3695 1262 3779; baseline -0.005 -21"><span class='ocrx_word' id='word_1_395' title='bbox 194 3717 270 3779; x_wconf 77' lang='lat' dir='ltr'><strong>quaa</strong></span> <span class='ocrx_word' id='word_1_396' title='bbox 291 3696 394 3756; x_wconf 75' lang='lat' dir='ltr'><strong>deinde</strong></span> <span class='ocrx_word' id='word_1_397' title='bbox 411 3718 467 3777; x_wconf 80' lang='lat' dir='ltr'><strong>per</strong></span> <span class='ocrx_word' id='word_1_398' title='bbox 485 3697 545 3756; x_wconf 78' lang='lat' dir='ltr'><strong>XX</strong></span> <span class='ocrx_word' id='word_1_399' title='bbox 553 3717 643 3755; x_wconf 88' lang='lat' dir='ltr'><strong>annos</strong></span> <span class='ocrx_word' id='word_1_400' title='bbox 662 3701 793 3755; x_wconf 80' lang='lat' dir='ltr'><strong>insecuta</strong></span> <span class='ocrx_word' id='word_1_401' title='bbox 812 3704 895 3768; x_wconf 83' lang='lat' dir='ltr'><strong>snut,</strong></span> <span class='ocrx_word' id='word_1_402' title='bbox 918 3696 1005 3753; x_wconf 82' lang='lat' dir='ltr'><strong>malls</strong></span> <span class='ocrx_word' id='word_1_403' title='bbox 1023 3714 1080 3752; x_wconf 74' lang='lat' dir='ltr'><strong>nitu</strong></span> <span class='ocrx_word' id='word_1_404' title='bbox 1099 3695 1179 3763; x_wconf 79' lang='lat' dir='ltr'><strong>alius</strong></span> <span class='ocrx_word' id='word_1_405' title='bbox 1200 3713 1262 3753; x_wconf 84' lang='lat' dir='ltr'><strong>ma-</strong></span> 
     </span>
     <span class='ocr_line' id='line_1_43' title="bbox 111 3764 1263 3862; baseline -0.004 -24"><span class='ocrx_word' id='word_1_406' title='bbox 111 3814 113 3821; x_wconf 62' lang='lat'>&gt;</span> <span class='ocrx_word' id='word_1_407' title='bbox 194 3782 287 3839; x_wconf 79' lang='lat' dir='ltr'><strong>iocum</strong></span> <span class='ocrx_word' id='word_1_408' title='bbox 329 3782 583 3862; x_wconf 72' lang='lat' dir='ltr'><strong>agrantioremque</strong></span> <span class='ocrx_word' id='word_1_409' title='bbox 605 3798 692 3861; x_wconf 79' lang='lat' dir='ltr'><strong>quam</strong></span> <span class='ocrx_word' id='word_1_410' title='bbox 714 3777 745 3836; x_wconf 85' lang='lat' dir='ltr'><strong>C.</strong></span> <span class='ocrx_word' id='word_1_411' title='bbox 767 3777 854 3837; x_wconf 86' lang='lat' dir='ltr'><strong>Curio</strong></span> <span class='ocrx_word' id='word_1_412' title='bbox 873 3777 939 3836; x_wconf 85' lang='lat' dir='ltr'><strong>trib.</strong></span> <span class='ocrx_word' id='word_1_413' title='bbox 957 3777 997 3858; x_wconf 82' lang='lat' dir='ltr'><strong>pl.</strong></span> <span class='ocrx_word' id='word_1_414' title='bbox 1016 3776 1140 3834; x_wconf 82' lang='lat' dir='ltr'><strong>subiecit</strong></span> <span class='ocrx_word' id='word_1_415' title='bbox 1151 3764 1263 3855; x_wconf 55' lang='lat' dir='ltr'><strong>lacem,</strong></span> 
     </span>
     <span class='ocr_line' id='line_1_44' title="bbox 195 3854 1265 3941; baseline -0.003 -21"><span class='ocrx_word' id='word_1_416' title='bbox 195 3865 239 3920; x_wconf 77' lang='lat' dir='ltr'><strong>uir</strong></span> <span class='ocrx_word' id='word_1_417' title='bbox 254 3874 290 3920; x_wconf 85' lang='lat' dir='ltr'><strong>oo</strong></span> <span class='ocrx_word' id='word_1_418' title='bbox 310 3863 374 3938; x_wconf 88' lang='lat' dir='ltr'><strong>ilis,</strong></span> <span class='ocrx_word' id='word_1_419' title='bbox 401 3862 553 3941; x_wconf 73' lang='lat' dir='ltr'><strong>eloquens,</strong></span> <span class='ocrx_word' id='word_1_420' title='bbox 579 3861 699 3935; x_wconf 76' lang='lat' dir='ltr'><strong>audax,</strong></span> <span class='ocrx_word' id='word_1_421' title='bbox 734 3880 806 3919; x_wconf 81' lang='lat' dir='ltr'><strong>suaa</strong></span> <span class='ocrx_word' id='word_1_422' title='bbox 827 3861 997 3939; x_wconf 75' lang='lat' dir='ltr'><strong>alienaeque</strong></span> <span class='ocrx_word' id='word_1_423' title='bbox 1022 3866 1052 3915; x_wconf 86' lang='lat' dir='ltr'><strong>et</strong></span> <span class='ocrx_word' id='word_1_424' title='bbox 1061 3854 1209 3935; x_wconf 78' lang='lat' dir='ltr'><strong>fortunae</strong></span> <span class='ocrx_word' id='word_1_425' title='bbox 1235 3867 1265 3917; x_wconf 79' lang='lat' dir='ltr'><strong>at</strong></span> 
     </span>
    </p>
   </div>
   <div class='ocr_carea' id='block_1_5' title="bbox 95 3937 1265 4279">
    <p class='ocr_par' dir='ltr' id='par_1_5' title="bbox 95 3937 1265 4279">
     <span class='ocr_line' id='line_1_45' title="bbox 191 3937 1265 4026; baseline -0.004 -23"><span class='ocrx_word' id='word_1_426' title='bbox 191 3943 353 4026; x_wconf 79' lang='lat' dir='ltr'><strong>pudicitiae</strong></span> <span class='ocrx_word' id='word_1_427' title='bbox 372 3943 529 4025; x_wconf 76' lang='lat' dir='ltr'><strong>prodigus,</strong></span> <span class='ocrx_word' id='word_1_428' title='bbox 561 3945 647 4013; x_wconf 78' lang='lat' dir='ltr'><strong>domo</strong></span> <span class='ocrx_word' id='word_1_429' title='bbox 666 3944 893 4019; x_wconf 76' lang='lat' dir='ltr'><strong>ingeniosissimo</strong></span> <span class='ocrx_word' id='word_1_430' title='bbox 919 3957 1045 4021; x_wconf 81' lang='lat' dir='ltr'><strong>nequam</strong></span> <span class='ocrx_word' id='word_1_431' title='bbox 1066 3948 1096 3997; x_wconf 81' lang='lat' dir='ltr'><strong>at</strong></span> <span class='ocrx_word' id='word_1_432' title='bbox 1115 3937 1265 4018; x_wconf 84' lang='lat' dir='ltr'><strong>facundus</strong></span> 
     </span>
     <span class='ocr_line' id='line_1_46' title="bbox 195 4020 1265 4106; baseline -0.003 -22"><span class='ocrx_word' id='word_1_433' title='bbox 195 4026 418 4106; x_wconf 79' lang='lat' dir='ltr'><strong>rnttIo&#39;pudIiao.</strong></span> <span class='ocrx_word' id='word_1_434' title='bbox 460 4025 555 4083; x_wconf 86' lang='lat' dir='ltr'><strong>Huius</strong></span> <span class='ocrx_word' id='word_1_435' title='bbox 575 4029 691 4100; x_wconf 79' lang='lat' dir='ltr'><strong>animo,</strong></span> <span class='ocrx_word' id='word_1_436' title='bbox 716 4024 907 4106; x_wconf 75' lang='lat' dir='ltr'><strong>voluptatibus</strong></span> <span class='ocrx_word' id='word_1_437' title='bbox 926 4022 972 4080; x_wconf 78' lang='lat' dir='ltr'><strong>cal</strong></span> <span class='ocrx_word' id='word_1_438' title='bbox 990 4020 1157 4080; x_wconf 79' lang='lat' dir='ltr'><strong>libidinibus</strong></span> <span class='ocrx_word' id='word_1_439' title='bbox 1176 4040 1265 4106; x_wconf 72' lang='lat' dir='ltr'><strong>nequa</strong></span> 
     </span>
     <span class='ocr_line' id='line_1_47' title="bbox 192 4089 1265 4188; baseline -0.001 -24"><span class='ocrx_word' id='word_1_440' title='bbox 192 4102 264 4188; x_wconf 69' lang='lat' dir='ltr'><strong>&#39;opes</strong></span> <span class='ocrx_word' id='word_1_441' title='bbox 290 4109 367 4167; x_wconf 81' lang='lat' dir='ltr'><strong>ullae</strong></span> <span class='ocrx_word' id='word_1_442' title='bbox 395 4129 483 4187; x_wconf 73' lang='lat' dir='ltr'><strong>nerpua</strong></span> <span class='ocrx_word' id='word_1_443' title='bbox 513 4107 687 4188; x_wconf 66' lang='lat' dir='ltr'><strong>cupiditates</strong></span> <span class='ocrx_word' id='word_1_444' title='bbox 707 4104 840 4186; x_wconf 74' lang='lat' dir='ltr'><strong>sufficere</strong></span> <span class='ocrx_word' id='word_1_445' title='bbox 865 4115 991 4184; x_wconf 79' lang='lat' dir='ltr'><strong>pussant.</strong></span> <span class='ocrx_word' id='word_1_446' title='bbox 1018 4104 1083 4163; x_wconf 82' lang='lat' dir='ltr'><strong>Eu.</strong></span> <span class='ocrx_word' id='word_1_447' title='bbox 1102 4089 1188 4164; x_wconf 78' lang='lat' dir='ltr'><strong>Brut!</strong></span> <span class='ocrx_word' id='word_1_448' title='bbox 1213 4107 1265 4179; x_wconf 85' lang='lat'><strong>81,</strong></span> 
     </span>
     <span class='ocr_line' id='line_1_48' title="bbox 95 4185 1264 4279; baseline -0.005 -27"><span class='ocrx_word' id='word_1_449' title='bbox 95 4271 98 4279; x_wconf 14' lang='lat' dir='ltr'><em>st</em></span> <span class='ocrx_word' id='word_1_450' title='bbox 190 4197 261 4252; x_wconf 82' lang='grc'><strong>280.</strong></span> <span class='ocrx_word' id='word_1_451' title='bbox 283 4187 334 4272; x_wconf 75' lang='lat' dir='ltr'><strong>(C.</strong></span> <span class='ocrx_word' id='word_1_452' title='bbox 358 4188 465 4271; x_wconf 89' lang='lat' dir='ltr'><strong>Curio)</strong></span> <span class='ocrx_word' id='word_1_453' title='bbox 487 4193 530 4251; x_wconf 84' lang='lat' dir='ltr'><strong>itu</strong></span> <span class='ocrx_word' id='word_1_454' title='bbox 541 4187 632 4270; x_wconf 77' lang='lat' dir='ltr'><strong>fariis</strong></span> <span class='ocrx_word' id='word_1_455' title='bbox 654 4191 799 4274; x_wconf 64' lang='lat' dir='ltr'><strong>salictaque</strong></span> <span class='ocrx_word' id='word_1_456' title='bbox 820 4188 910 4248; x_wconf 62' lang='lat' dir='ltr'><strong>scrius</strong></span> <span class='ocrx_word' id='word_1_457' title='bbox 931 4185 1060 4247; x_wconf 78' lang='lat' dir='ltr'><strong>volvebat</strong></span> <span class='ocrx_word' id='word_1_458' title='bbox 1078 4189 1154 4247; x_wconf 83' lang='lat' dir='ltr'><strong>satis</strong></span> <span class='ocrx_word' id='word_1_459' title='bbox 1173 4189 1264 4248; x_wconf 82' lang='lat' dir='ltr'><strong>intar-</strong></span> 
     </span>
    </p>
   </div>
   <div class='ocr_carea' id='block_1_6' title="bbox 0 0 1322 4656">
    <p class='ocr_par' dir='ltr' id='par_1_6' title="bbox 0 0 1322 4656">
     <span class='ocr_line' id='line_1_49' title="bbox 0 0 1322 4656; baseline 0 1"><span class='ocrx_word' id='word_1_460' title='bbox 0 0 1322 4656; x_wconf 95' lang='lat' dir='ltr'><strong> </strong></span> 
     </span>
    </p>
   </div>
  </div>
 </body>
</html>
