2634 4656
455 320 463 333 .
532 251 611 336 Cap.
637 251 680 338 V.
741 278 754 295 ··
1101 258 1144 318 25

60 402 124 491 sit,
156 402 276 477 amittit
302 405 470 493 studium,
504 432 572 505 quo
596 432 665 477 non
691 403 784 478 aliud
816 404 850 479 iu
878 407 1006 480 ciuitate
1031 424 1145 481 nostra

59 503 111 582 ¹vel
136 503 180 575 ad
206 502 377 576 utilitatem
403 506 609 577 fructuosius
633 502 684 576 vel
713 504 756 576 ad
783 504 976 601 dignitatern
1002 506 1145 606 amplius

59 601 112 672 vel
135 601 177 674 ad
202 601 297 673 urbis
322 604 444 674 faniam
468 602 642 703 pulchrius
668 600 718 673 rel
744 603 787 674 ad
811 607 911 676 totius
936 605 1067 704 imperii
1095 623 1145 678 at-

14 772 19 779 ,
61 726 128 799 quc
153 701 302 773 omnium
327 703 475 799 gentium
500 702 650 773 notitiam
678 699 839 774 illustrius
866 705 1043 801 excogitari
1068 721 1146 804 pot-

59 868 177 943 Orell.‚
203 869 340 951 regulos,
368 869 474 949 quibus
503 890 588 950 saepe
609 881 760 928 oratorum
781 871 945 951 patrocinio
965 874 1041 952 apud
1062 872 1145 953 priu-

60 950 157 1030 cipem
179 971 253 1030 opus
275 963 345 1011 erat.
380 949 442 1010 Cic.
462 952 534 1031 Epp.
559 951 594 1009 ad
614 953 691 1010 Fam.
713 953 765 1024 tx,
787 959 814 1010 8.
846 975 946 1028 regam
977 975 1020 1023 ac
1045 958 1145 1013 natiu-

60 1053 132 1091 num
161 1033 311 1105 clientelis.
355 1034 446 1092 Recte
474 1032 622 1092 Eckstein.
652 1034 878 1092 necessitudines
907 1035 1018 1115 recepit
1047 1047 1077 1095 et
1105 1035 1144 1097 ob

60 1125 138 1193 optt.
162 1110 254 1172 Codd.
276 1113 478 1190 auctoritatem
504 1115 635 1192 ethquod
657 1118 790 1172 nationes
822 1115 951 1174 otiosum
972 1127 1050 1175 esset
1094 1138 1144 1176 ro·
1190 1120 1195 1137 ‘

58 1207 130 1275 pter
152 1216 215 1274 sqq.
238 1197 395 1274 complecti
423 1194 478 1274 (se.
497 1193 678 1276 patrocinio)
697 1200 883 1273 provincias,
913 1209 942 1256 et
962 1194 1042 1277 quod
1062 1140 1145 1278 siper

60 1296 76 1335 a
98 1275 215 1358 minore
236 1277 271 1335 ad
294 1277 385 1335 maius
407 1276 614 1356 progrediatur
635 1276 665 1334 in
687 1278 854 1335 enarrandis
877 1279 1059 1358 eloquentiae
1080 1280 1143 1338 sru-

60 1356 158 1416 ctibus
180 1369 267 1436 atque
286 1358 358 1416 adeo
376 1357 517 1417 amicitias
537 1357 772 1417 commodissime
790 1359 934 1439 excipiant
954 1359 1143 1419 necessitudi-

59 1459 131 1511 nes,
161 1459 233 1516 quac
256 1437 342 1497 latius
370 1451 479 1518 patent.
507 1439 624 1498 Ernest.
651 1437 730 1499 Clau.
755 1437 849 1499 Cicer.
877 1462 1001 1521 cernique
1024 1454 1142 1501 secutus

58 1517 181 1578 ttuhnk.
203 1519 303 1578 Schol.
324 1516 367 1578 ad
380 1521 462 1579 Suet.
484 1518 566 1580 Caes.
587 1526 637 1579 27.
659 1520 700 1578 sic
722 1519 749 1578 h.
773 1543 800 1580 v.
823 1521 986 1602 explicant:
1016 1522 1143 1585 »Neces-

58 1599 160 1659 situda
183 1613 228 1660 est
248 1601 344 1660 omnis
364 1602 555 1674 coniunctio,
586 1623 660 1680 quae
678 1601 776 1659 oritur
797 1624 830 1660 cx
855 1603 1014 1684 sanguiue,
1046 1604 1143 1662 assini-

59 1692 142 1752 tatc‚
164 1681 301 1764 collegio,
329 1682 470 1755 amicitia,
501 1682 546 1741 vel
579 1704 613 1740 ex
638 1682 781 1742 eiusmodi
803 1684 932 1756 caussis,
963 1706 1035 1764 quae
1056 1685 1143 1744 nobis

54 1759 264 1823 necessitatem
278 1763 386 1822 amoris
401 1763 680 1845 benevolentiaeque
697 1763 850 1822 atterunt«
871 1763 931 1824 Cic.
946 1787 989 1845 pr.
1006 1766 1102 1848 Ligar.
1112 1773 1140 1838 7.

58 1844 148 1903 Haec
168 1866 222 1918 ego
249 1849 316 1904 naci
338 1856 463 1924 propter
484 1866 583 1904 coenes
609 1845 850 1917 necessitudines,
880 1867 955 1923 quac
982 1850 1056 1905 milri
1077 1857 1144 1906 sunt

55 1946 126 2002 'cum
147 1926 182 1984 L.
206 1925 364 1985 Tuberone.
410 1927 504 1986 Donni
522 1947 581 1984 una
609 1925 735 1998 eruditi,
765 1928 888 1985 militiae
911 1929 1143 2004 connubernales‚

56 2000 127 2086 past
148 2005 268 2086 affines,
290 2011 320 2066 in
341 2011 421 2066 omni
439 2008 560 2085 denique
582 2010 641 2065 uita
654 2004 835 2085 familiares.
886 2011 1029 2083 Magnum
1051 2014 1142 2083 etiam
1171 2004 1175 2008 ’
1218 2027 1223 2039 ’

59 2091 223 2163 uinculum,
264 2088 343 2168 quod
367 2089 471 2156 iisdem
498 2089 603 2147 studiis
629 2110 744 2168 semper
774 2094 820 2148 usi
846 2101 954 2149 sameas.
1005 2092 1078 2171 Epp.
1108 2091 1143 2150 ad

57 2170 138 2229 Fam.
158 2171 211 2244 tx,
239 2175 286 2230 13.
313 2204 355 2217 -
383 2172 506 2248 uelisque
532 2191 589 2249 per
608 2180 637 2229 tc
665 2192 711 2228 me
739 2171 796 2229 irae
817 2177 945 2230 muneris
965 2193 1050 2250 queem
1072 2176 1145 2251 ipsis
1241 2206 1246 2228 t

57 2253 167 2310 amicis
184 2251 347 2310 homiuibus
368 2261 430 2311 tum
457 2254 612 2332 municipio
634 2251 762 2323 Caleno,
791 2274 915 2332 quocum
942 2255 1016 2311 milri
1033 2274 1144 2327 magna
1182 2310 1186 2315 .

54 2333 319 2408 necessitudoest,
333 2340 373 2383 -'-
391 2333 464 2391 dare
487 2331 586 2414 (cuius
613 2333 764 2412 municipii
780 2332 886 2394 Cicero
903 2347 1044 2414 patronus
1061 2334 1151 2417 luit).

55 2477 57 2480 <
141 2434 254 2490 amittit
273 2428 419 2510 studium]
442 2435 542 2488 amitti
562 2426 655 2488 Codd.
679 2431 765 2488 Farn.
782 2430 874 2489 Vatic.
889 2432 953 2489 Par.
968 2429 1063 2490 ‘Vina
1087 2431 1142 2491 Ed.

57 2510 145 2593 Spir..
160 2515 270 2571 omittit
291 2511 406 2571 Puteol.
430 2510 524 2570 Rhea.
546 2509 592 2589 (in
614 2508 781 2589 Castigatt.)
801 2510 880 2589 Lips.
899 2510 1012 2568 Ilronl'.
1032 2513 1143 2572 Osann.

59 2592 155 2654 Orell.
180 2592 270 2652 Belslr.
299 2597 411 2651 amittit
438 2594 574 2651 Gronov.
602 2591 673 2648 Ern.
697 2591 779 2648 lirot.
808 2591 1047 2651 Booutuatrt.
1069 2593 1144 2657 ttiu.

55 2672 147 2734 Bach.
188 2673 346 2749 similiare,
367 2675 447 2752 quod
467 2672 587 2753 proprie
609 2671 752 2754 significat
769 2670 877 2750 aliquid
894 2693 909 2731 e
925 2673 1059 2732 manibus
1074 2672 1144 2732 urit·

56 2767 141 2830 tere,
163 2755 306 2829 abiicere,
337 2755 445 2814 dicitur
465 2753 631 2826 derebus,
653 2774 723 2831 quas
745 2764 794 2811 aut
816 2753 949 2812 volentes
968 2766 1017 2812 aut
1038 2755 1144 2814 noleu·

56 2848 123 2911 tes,
154 2848 205 2896 aut
224 2849 326 2897 nostra
345 2836 430 2915 culpa
450 2837 499 2895 aut
520 2835 610 2893 alicua
628 2835 730 2893 missas
752 2833 890 2909 iacimus,
920 2839 1055 2894 orreittete
1077 2843 1162 2907 tau-'

54 2929 122 2978 tum
150 2917 290 2977 dicuutur
315 2906 449 2978 volentes
470 2929 501 2976 et
521 2927 644 2996 sponte:
681 2915 716 2974 cl.
737 2916 875 2978 Doederl.
896 2917 958 2975 Lat.
980 2919 1054 3002 Syn.
1075 2916 1143 2977 tot.

55 3000 107 3059 lll.
128 3020 159 3080 p.
183 3005 243 3059 285
264 3020 307 3079 sq.
342 2998 434 3057 Kritz.
457 2998 505 3059 ad.
520 2997 639 3057 Sallust.
660 2999 722 3078 lug.
746 3002 794 3056 31.
822 3009 921 3055 annot.
952 2996 1020 3056 inlr.
1041 2999 1143 3078 adep.

34 3083 109 3140 '16.
155 3078 302 3140 Amitlcrc
324 3083 460 3160 spiritum
487 3082 565 3138 Anu.
589 3081 625 3152 ll,
648 3084 696 3136 71.
733 3081 953 3137 matrimonium
985 3081 1064 3149 Xlll,
1093 3082 1144 3138 46.

53 3160 130 3240 ibiq.
152 3163 229 3241 unp.
258 3182 339 3242 spem
361 3163 442 3235 xtV,
463 3167 512 3221 26.
543 3163 727 3218 occasionem
745 3158 809 3218 Liv.
834 3161 897 3234 Vll,
917 3163 966 3221 34.
996 3157 1143 3219 Drakenb.

52 3240 147 3318 fidem
168 3239 259 3303 Cara.
280 3243 353 3323 Nep.
372 3243 496 3302 Eumeu.
519 3246 565 3300 10.
942 3282 944 3287 -

52 3374 57 3382 ·
138 3338 183 3397 ad
202 3341 360 3399 utilitatem
372 3333 575 3417 fructuosius]
596 3336 734 3414 Praepos.
756 3337 798 3395 ad
819 3337 847 3396 h.
870 3336 889 3395 l.
909 3336 1019 3395 dicitur
1038 3335 1074 3395 ele
1096 3356 1144 3395 ra·

54 3417 224 3494 tiouc,‘ex
245 3441 301 3500 qua
320 3420 429 3499 aliquid
458 3417 701 3479 considerandum
722 3430 772 3477 aut
793 3418 877 3477 notio
907 3418 1001 3497 aliqua
1021 3417 1143 3478 confici·
1181 3419 1200 3431 ’

56 3500 133 3560 enda
152 3501 209 3576 sit,
238 3513 273 3560 ut
295 3500 476 3561 Graecorum
498 3499 719 3574 naedctnqdc,
749 3500 965 3558 Germanorum
988 3501 1085 3572 nacla,
1113 3501 1144 3556 in

32 3581 215 3657 ·Hinsieitt‚
251 3586 282 3641 in
308 3583 409 3656 Bezug
436 3579 498 3659 cufi
545 3582 587 3638 lta
617 3579 788 3658 pracsertim
821 3580 969 3639 adiectivis
996 3580 1144 3658 adduntur

56 3662 195 3738 nomina,
221 3660 296 3742 q'uae
322 3685 425 3723 eorum
452 3661 606 3721 notionem
626 3659 814 3742 adstringunt
833 3672 920 3738 atque
949 3660 1161 3719 constituunt·

57 3743 153 3803 Haud.
174 3744 302 3803 Tursell.
323 3745 392 3803 Vol.
414 3747 434 3802 l.
454 3747 572 3825 petuo.
593 3739 740 3799 Boetticli.
761 3744 829 3800 Lex.
851 3741 878 3798 T
880 3762 920 3815 ac.
948 3755 976 3820 p.
998 3747 1047 3798 ⁴20.

144 3825 188 3883 ad
214 3826 294 3883 urbis
312 3824 434 3903 samam
462 3824 615 3904 pulerhrius
648 3822 691 3879 ael
720 3822 763 3880 ad
789 3825 879 3880 totius
909 3824 1028 3900 imperii
1054 3830 1144 3900 atque

56 3909 187 3966 omnium
212 3910 342 3979 gentium
370 3910 512 3965 notitiam¹
529 3898 697 3980 illustrius]
738 3899 877 3980 Exempla
906 3900 994 3960 huius
1022 3898 1146 3983 genitivi

56 3987 166 4047 obiecti
194 3987 285 4046 multa
311 3987 461 4068 congessit
488 3983 663 4044 ltamshorn.
690 3979 718 4062 §.
742 3988 808 4041 106.
836 3983 864 4042 b.
901 3981 962 4042 Cic.
992 4005 1036 4063 pr.
1067 3983 1144 4043 Sest.

56 4089 101 4149 cp.
120 4074 168 4128 66.
213 4068 274 4147 Qui
293 4079 393 4127 autem
421 4069 528 4127 bonam
547 4064 668 4145 famam
698 4063 856 4135 horrorum,
887 4085 964 4144 quae
992 4065 1057 4124 sala
1079 4081 1144 4121 aera
1230 4077 1232 4080 ·

53 4152 156 4226 gloria
182 4152 334 4209 nominari
355 4159 470 4230 potest,
497 4153 646 4227 expetunt·
665 4217 668 4223 Ι
684 4142 750 4205 laiv.
778 4145 872 4226 XLV,
892 4151 921 4206 3.
955 4145 990 4206 L.
1018 4145 1145 4205 Paullus
