2634 4656
530 239 611 321 δαν·
637 240 681 303 V·
732 290 735 296 ·
1103 250 1147 309 us

62 408 95 464 et
121 389 254 464 Saleius
279 391 406 465 Bassus
430 392 637 492 et.quisquis
664 391 749 465 nlius
771 392 919 465 studium
944 395 1094 494 poeticae
1113 414 1147 472 et

62 491 249 563 carminum
275 489 415 588 gloriam
433 490 539 577 soret,
567 520 671 590 quum
691 518 808 565 causas
826 519 925 586 agere
940 521 1010 566 non
1028 498 1144 595 possit.

60 591 137 685 Ego
163 590 270 678 eninr,
305 605 469 686 quotenus
501 590 662 662 arbitrum
691 589 755 662 litis
783 591 882 660 huius
911 591 1039 680 inveni,
1071 622 1146 668 uon

60 689 173 786 patiar
198 690 386 759 Maternum
409 688 565 761 societate
589 687 735 788 plurium
763 687 919 763 delendi:
948 690 1008 763 sed
1033 692 1145 791 ipsum
1193 690 1196 697 ’

60 784 172 858 solum
192 786 296 888 'apud
324 812 383 857 vos
416 789 574 882 arguam,
608 788 701 886 quod
728 805 826 861 natus
853 786 900 862 ad
923 787 1150 889 eloquentiam

143 955 273 1015 Securus
291 952 348 1037 sit]
369 954 497 1037 Supple:
513 953 757 1035 ab'aceusatione
777 975 848 1017 mea.
883 1005 885 1009 .
1216 1026 1217 1033 ἵ

147 1041 276 1115 quisquis
290 1039 367 1096 aliens
385 1038 514 1096 studium
525 1041 662 1118 porticae
679 1048 708 1096 at
726 1041 890 1097 carminum
904 1039 1033 1114 gloriam
1043 1036 1146 1123 soret]

60 1118 175 1178 Furere
203 1118 220 1176 i.
244 1141 271 1197 q.
294 1118 423 1178 deditum
453 1139 536 1190 esse,
566 1118 737 1199 indulgere,
768 1120 866 1180 lavere
888 1120 986 1200 (aucta
1006 1120 1036 1179 vi
1058 1121 1146 1184 huius

61 1198 164 1280 verbi)
184 1197 388 1278 frequentatur
411 1199 559 1269 aTecito.
601 1200 715 1260 Histor.
736 1203 759 1276 Ι,
782 1208 810 1260 8.
840 1211 869 1260 et
891 1211 985 1260 matus
1004 1211 1056 1261 ian
1076 1223 1147 1263 uam

61 1282 145 1340 alias
170 1291 274 1360 partas
298 1281 450 1358 fovissent.
484 1281 561 1339 Anu.
583 1282 619 1354 ΙΙ,
642 1285 689 1340 71.
712 1284 741 1340 si
759 1288 805 1341 ma
822 1286 922 1362 potius
942 1304 1031 1361 quam
1042 1223 1147 1362 lurtu-

61 1382 134 1421 nam
156 1383 252 1421 meam
273 1359 430 1440 serebatis.
457 1361 513 1420 vd.
527 1363 624 1420 Boett.
643 1363 712 1421 Lex.
732 1365 800 1423 Tac.
822 1385 845 1423 s.
867 1385 895 1422 v.
936 1365 1019 1424 Suet.
1042 1365 1146 1426 ocur.

60 1448 112 1503 89.
152 1444 275 1517 Ingenia
294 1446 409 1501 saeculi
425 1446 473 1501 sui
493 1443 624 1503 omnibus
644 1444 740 1503 modr's
748 1443 835 1523 fhrit.
868 1447 989 1525 Vesper.
1012 1449 1059 1505 tu.
1094 1447 1147 1507 In·
1182 1449 1184 1453 ⁴

59 1527 153 1600 genia
173 1535 203 1583 rt
223 1535 305 1583 artes
326 1527 370 1583 rel
389 1527 519 1583 maxima
531 1523 617 1602 fouit.
1031 1578 1034 1583 .
1120 1544 1126 1557 ‘

147 1611 213 1686 Ego
233 1615 326 1683 enim,
356 1621 499 1690 quatenus
517 1612 662 1670 arbitrum
682 1614 743 1671 litis
768 1613 855 1673 huius
875 1617 987 1688 inueni,
1014 1636 1071 1676 non
1090 1635 1149 1696 pa·

61 1697 127 1756 tiar
155 1695 325 1754 Maternum
351 1695 496 1751 societate
518 1696 648 1774 plurium
677 1692 803 1772 descendi]
838 1695 888 1754 Sic
911 1694 939 1753 h.
952 1694 979 1756 .Ι.
1000 1693 1031 1755 in
1053 1695 1147 1758 Codri.

61 1787 238 1854 corruptum
260 1786 290 1834 et
316 1772 351 1844 ab
373 1771 535 1833 editoribus
556 1774 636 1834 varie
656 1787 821 1834 correctum
843 1775 961 1857 egregie
982 1778 1149 1840 emendavit

59 1856 207 1918 Pithoeus
228 1856 259 1916 in
276 1866 436 1927 annotatt,
465 1866 640 1934 antequem
668 1854 711 1914 sie
737 1854 904 1937 legebatur:
933 1856 977 1920 Et,
994 1879 1048 1933 ego
1071 1856 1148 1919 anim

61 1948 208 2018 audenus
236 1937 393 1995 arbitrium
426 1937 512 1994 liuius
537 1938 599 1994 litis
627 1940 750 1995 inueniri
781 1959 838 1995 non
865 1941 977 2017 patiar.
1029 1942 1147 2000 Mater-

62 2041 134 2086 num
152 2020 268 2078 solicite
292 2019 453 2100 plurimum
474 2016 598 2094 deflendi.
638 2017 715 2079 Pith.
745 2018 986 2079 emendationem·
997 2021 1071 2080 Esld.
1091 2041 1148 2103 po-

60 2100 205 2162 steriores
231 2109 425 2195 receperunt,
461 2096 519 2157 nisi
551 2098 630 2178 quod
660 2098 709 2159 alii
739 2108 768 2157 at
795 2098 1002 2176 retinuerunt,
1040 2101 1089 2160 alii
1118 2112 1148 2163 et

61 2180 140 2242 anim
161 2202 233 2256 ego,
259 2179 308 2240 aliu
337 2181 453 2258 quanda
480 2189 509 2238 ta
535 2200 611 2239 nuria
640 2178 687 2239 vel
710 2181 827 2257 quando
847 2202 924 2239 nunc
944 2193 1147 2244 correxerunt.

62 2261 141 2325 Cod.
167 2264 254 2323 Fara.
288 2264 432 2337 societate
459 2262 596 2341 plurium.
619 2295 657 2307 -
708 2262 861 2357 Quatenus
888 2274 981 2323 aetate
1011 2274 1149 2346 argentea

61 2342 211 2424 signifieat
231 2341 387 2422 quoniam,
421 2363 529 2422 quum,
560 2342 813 2423 quandoquidem:
842 2343 1025 2424 vd.ep.19.
1067 2343 1147 2406 Anu.
1221 2389 1223 2393 ⁷

61 2426 115 2499 tu,
136 2431 164 2485 6.
186 2434 329 2503 quatenus
344 2427 527 2482 innocentiae
550 2445 633 2481 meaa
653 2444 795 2500 nusquam
820 2424 901 2481 locus
922 2434 967 2482 ast
986 2424 1033 2484 vd.
1054 2426 1149 2486 Boet-

61 2506 136 2568 rich.
155 2506 224 2567 Lex.
245 2506 314 2565 Tac.
338 2527 361 2565 s.
382 2527 410 2564 v.
439 2504 514 2563 Ptin.
536 2505 610 2582 Epp.
635 2505 684 2576 lli,
706 2508 736 2577 7,
762 2507 808 2562 14.
830 2514 973 2580 quatenus
992 2506 1075 2564 nobis
1094 2507 1148 2566 de-

59 2597 192 2664 negatur
210 2587 262 2646 dia
281 2590 382 2645 irioara.
412 2584 516 2659 Quint.
535 2586 584 2656 tV,
603 2591 633 2656 2,
656 2589 703 2642 66.
746 2582 787 2642 Et
807 2593 950 2660 quatenus
965 2585 1148 2664 atiamforta

43 2669 195 2748 ,quadam
213 2671 396 2748 pervenimus
424 2666 466 2724 ad
494 2663 643 2744 difficilius
664 2668 871 2723 narrationum
891 2686 999 2738 genus,
1027 2670 1089 2726 iam
1109 2667 1148 2732 da

59 2754 111 2812 lais
129 2752 293 2829 loquamur.
324 2749 372 2809 vm
393 2745 537 2806 Bonnell.
556 2747 626 2806 Lex.
649 2745 756 2820 Quint.
784 2768 809 2806 s.
832 2768 861 2806 r.
897 2745 1023 2807 Beneck.
1042 2748 1079 2807 ad
1097 2749 1148 2808 lu·

59 2831 133 2894 stin.
154 2833 208 2897 xit
245 2835 290 2890 ΙΙ.
458 2825 463 2836 “
644 2895 647 2899 ,
807 2836 815 2850 ‘

145 2913 201 2974 saei
211 2875 311 2992 ipsum
330 2912 423 2970 solum
445 2907 527 2988 apud
547 2929 595 2968 ros
615 2908 754 2985 arguam]
781 2905 835 2966 sed
854 2909 948 2986 ipsum
966 2905 1040 2969 Cod.
1060 2908 1146 2969 Fara.

60 3014 102 3058 ex
123 2995 237 3054 emend.
259 2994 354 3054 auen.
375 2991 405 3050 in
427 2988 578 3071 Castigatt.
606 3000 635 3048 et
658 2991 766 3049 ltluret.
796 2988 869 3047 Edu.
890 2988 1065 3068 posterior.;
1093 2988 1148 3051 sed

61 3087 95 3139 al
114 3074 209 3136 codd.
232 3076 296 3134 Par.
311 3072 412 3146 lind.
439 3083 511 3130 vett.
532 3071 605 3129 Edd.
625 3072 703 3150 Rup.
746 3071 806 3130 Pro
828 3090 878 3128 aus
904 3069 1045 3130 emendat.
1066 3067 1145 3150 lips.

61 3179 115 3219 cos
135 3165 311 3236 receperunt
330 3154 466 3232 deinceps
488 3152 562 3210 Edd.
602 3151 669 3230 Ipsa
695 3151 795 3223 solus,
820 3149 838 3208 i.
860 3171 887 3228 q.
909 3151 985 3230 apud
1013 3153 1144 3212 Graecae

61 3242 145 3309 δυεός
163 3242 244 3315 μόνος
266 3237 313 3295 vd.
335 3237 493 3294 Hermann.
514 3233 549 3290 ad
571 3232 669 3312 Viger.
690 3234 728 3312 p.
741 3237 809 3290 736.
841 3231 961 3290 Passov'.
983 3230 1019 3289 ad
1040 3232 1141 3291 Germ.

61 3343 109 3404 ep.
132 3326 199 3395 aa,
219 3319 275 3378 ism
295 3315 448 3377 coniunxit
469 3312 530 3374 Cic.
550 3311 581 3370 in
605 3315 690 3372 Verr.
710 3312 776 3371 Act.
793 3313 818 3386 1,
835 3317 862 3370 2.
884 3345 923 3357 -
943 3315 980 3370 iis·
1001 3333 1063 3371 essa
1083 3334 1145 3371 me·

61 3403 223 3473 tuendum,
244 3403 310 3479 qui,
327 3396 406 3476 quud
424 3399 495 3476 ipsis
514 3395 585 3452 solis
606 3396 682 3451 satis
703 3403 795 3466 assat,
816 3395 1034 3471 surripuissant.
1075 3394 1144 3453 Tac.

64 3485 168 3546 Germ.
189 3489 238 3542 38.
259 3513 298 3528 -
327 3479 466 3559 capillum
494 3485 574 3534 retro
601 3484 760 3552 sequuntur
780 3492 926 3550 aasaape
946 3477 1059 3554 inipso
1081 3475 1144 3532 solo

64 3569 174 3627 unica
195 3566 289 3638 ligant
310 3560 361 3620 ubi
381 3582 407 3619 r.
427 3559 547 3618 Passor.
563 3565 593 3614 et
606 3556 692 3615 Hess.
708 3552 854 3614 Boettieh.
874 3553 1011 3692 Prolqu.
1023 3552 1059 3614 ad
1073 3555 1143 3614 Lex.

62 3648 134 3709 Tac.
154 3668 183 3727 p.
203 3644 329 3703 LXLlll.
367 3641 482 3720 »ipsum
505 3635 594 3710 dicit,
623 3635 731 3716 quippe
758 3633 926 3714 oppositum
952 3636 1015 3694 aius
1036 3634 1143 3715 poetis,

62 3729 177 3800 solum,
200 3736 343 3804 quatenus
363 3742 425 3780 non
441 3717 529 3778 debet
544 3716 683 3777 societate
699 3715 828 3797 plurium
845 3714 986 3774 delendis
1008 3715 1143 3794 Bauli.-

63 3808 158 3889 Apud
181 3810 230 3866 ons
256 3804 275 3863 i.
298 3825 322 3863 e.
343 3804 534 3869 Maternum.
560 3797 610 3877 qui
637 3819 668 3858 se
697 3796 780 3893 argui
808 3793 906 3867 erudit,
926 3797 1095 3856 Secundum
1115 3807 1144 3857 et

64 3887 183 3971 dialogi·
198 3885 392 3964 scriptorem,
413 3881 464 3961 qui
485 3879 578 3939 eidem
600 3900 729 3938 sermoni
742 3872 896 3936 interluit.

149 3978 239 4029 natus
258 3966 301 4025 ad
320 3966 513 4041 eloquentiam
535 3961 646 4019 uirilem
668 3971 697 4018 at
717 3957 893 4034 oratoriam]
920 3955 1019 4018 Natus
1036 3954 1070 4019 ari
1091 3959 1143 4019 uli·

64 4073 152 4133 quom
175 4071 239 4109 rem
259 4045 307 4105 v'el
325 4044 410 4104 alicui
431 4042 473 4102 rei
495 4041 518 4100 is
534 4040 659 4115 dieitur,
682 4039 732 4120 qui
752 4039 824 4099 adeo
840 4048 924 4117 aptus
947 4051 978 4098 et
996 4034 1100 4109 habilis
1117 4039 1143 4100 ei
1261 4048 1264 4054 '

63 4145 130 4213 est,
156 4128 241 4213 quasi
268 4128 299 4188 in
318 4125 413 4189 lucem
443 4124 479 4184 ad
502 4122 580 4182 illam
607 4122 705 4183 editus
727 4119 775 4182 sit.
822 4118 873 4186 Sic
892 4130 981 4181 naus
1000 4122 1045 4181 ad
1066 4124 1144 4182 uolu-
