2634 4656
352 332 358 354 q
418 332 420 338 .
480 268 558 352 Cap.
581 270 704 333 XXXI.
878 279 880 300 ¹
1058 275 1122 334 207
1222 299 1223 303 ’

57 449 143 523 quos
168 421 335 517 astrictum
359 437 390 495 et
412 421 580 498 collectum
607 443 640 498 ct
658 421 787 521 singula
805 422 912 497 statim
930 441 1140 520 argumenta-

56 521 260 609 cunclndcns
277 521 409 595 dicendi
435 551 540 619 genus
561 525 637 625 plus
660 524 738 602 fidei
761 539 920 622 meretur:
939 523 1037 624 apud
1060 524 1123 600 bos

55 684 107 779 qui
126 715 191 754 cum
210 691 366 754 indicativo
387 704 436 752 ant
455 693 642 755 coniunctivo
660 692 773 755 diversa
792 706 886 754 tamen
898 680 1021 769 ‘titione
1040 684 1122 775 cqm7

55 773 201 859 positae,-
226 775 261 835 de
282 798 337 855 qua
363 775 455 835 adhuc
487 776 564 836 inter
590 778 655 840 VV,
685 777 750 835 ΙΙΙ).
778 775 871 856 aliqua
896 773 1121 850 dissensione
1146 790 1150 798 '

57 854 191 918 attuliss'e
220 857 343 918 sufficiat
363 850 470 941 Reisig.
500 857 612 919 Vorles.
634 859 661 956 ξ.
682 865 750 918 232.
776 880 799 918 c.
819 859 904 918 Hans.
930 854 1027 916 annot
1051 861 1121 916 507.

55 940 232 1000 Ramshorn.
255 942 307 1005 Gr.
328 938 355 1021 ᾗ.
378 944 443 998 177.
463 941 531 1000 Not.
549 949 577 1000 2.
597 941 694 1000 Kritz(
708 942 743 1000 ad
764 939 878 1000 Sallust.
903 944 951 1012 19,
973 944 999 999 2.
1020 937 1122 998 Kucb-

57 1043 119 1081 ner.
142 1023 176 1086 ad
196 1020 258 1082 Cic.
278 1023 365 1082 Tusc.
387 1025 435 1095 ΙΙΙ,
456 1025 506 1097 31,
529 1029 575 1082 76.
621 1022 792 1083 indicativus
813 1021 935 1104 ponitur
948 1019 978 1079 iu
994 1042 1026 1081 re
1042 1017 1140 1098 certa·

56 1116 144 1189 atquc
169 1103 328 1163 indubitata
354 1104 507 1176 tradenda,
535 1103 585 1165 ubi
600 1105 683 1166 'certi
714 1104 828 1185 quidam
855 1102 987 1163 homines
1010 1123 1026 1164 a
1047 1101 1122 1173 scri·

56 1199 144 1283 ptore
170 1186 375 1268 designantur,
406 1185 455 1266 qui
478 1186 539 1246 eius
563 1187 658 1247 animo
678 1188 725 1247 vel
749 1186 942 1247 obversantur
962 1183 1121 1244 vet‘abeo
1224 1220 1231 1234 =

56 1288 113 1328 ram
133 1268 348 1328 commemorati
363 1279 447 1338 sunt;
468 1268 669 1329 coniunctivus
687 1282 781 1345 autem
802 1269 833 1327 in
855 1290 886 1328 re
906 1267 1014 1326 incerta
1034 1277 1122 1362 atque

57 1349 162 1424 dubia,
183 1372 267 1430 quam
288 1350 333 1408 vel
353 1348 408 1430 ipsi
430 1347 577 1411 nonsatis
599 1355 777 1433 compertam,
792 1350 948 1429 babemus,
969 1346 1016 1408 vel
1036 1350 1120 1423 cutus

55 1444 205 1498 auctorem
232 1431 398 1514 ignoramus
419 1431 464 1491 vel
491 1434 577 1493 certis
599 1428 642 1494 'dc
662 1430 754 1495 causis
781 1433 918 1515 ignorare
944 1427 1120 1490 simulamus.

57 1513 155 1574 Multo
173 1526 268 1573 tamen
290 1514 473 1593 frequentior
493 1527 539 1575 est
557 1509 759 1593 coniunctivus
774 1515 805 1574 in
822 1515 874 1574 hac
888 1511 1023 1587 formula,
1043 1532 1121 1592 quo-

56 1595 134 1655 niam
153 1595 188 1657 ad
208 1617 269 1656 non
290 1608 384 1656 certos
404 1593 537 1657 homines
555 1598 735 1657 denotandus
757 1598 894 1678 usurpari
912 1594 1006 1655 solet·
1020 1593 1121 1674 xApnd
1189 1612 1191 1634 ⁴

57 1689 159 1759 poetas
179 1678 363 1760 promiscuus
382 1678 535 1758 utriusque
555 1681 633 1752 modi
653 1702 724 1740 usus
740 1692 793 1739 cst.
813 1681 861 1739 vd.
880 1677 975 1737 Bentl.
995 1676 1030 1736 ad
1045 1677 1120 1735 llor.
1205 1723 1208 1727 ,
1252 1734 1253 1741 ,

58 1757 154 1820 Carm.
172 1765 195 1833 Ι,
214 1768 243 1836 1,
258 1767 285 1819 3.
306 1759 433 1820 Schmid.
453 1762 487 1820 ad
508 1763 580 1843 Epp.
594 1765 617 1837 Ι,
632 1769 660 1835 6,
676 1769 703 1821 5.
745 1760 847 1820 S'edin
868 1760 1009 1820 alterutro
1030 1759 1119 1818 modo
1147 1774 1149 1777 '

57 1838 88 1901 in
114 1854 227 1902 textum
248 1841 414 1924 recipiendo
436 1840 528 1903 Codd.
550 1844 719 1923 frequenter
739 1841 940 1904 fluctuantium
962 1838 1142 1909 auctor-itae

57 1935 104 1984 est
123 1925 318 2005 respicienda,
341 1947 428 2004 quum
450 1925 545 1984 asolo
568 1926 719 2006 scriptoris
741 1925 971 2004 arbitrio-saepe·
984 1922 1120 2004 pendeat,

56 2019 127 2066 ntro
147 2007 234 2066 modo
253 2029 314 2066 rem
336 2007 471 2068 enunciet
486 2028 540 2066 nec
559 2029 594 2068 ex
613 2008 683 2089 ipsis
703 2007 790 2068 rebus
816 2019 926 2068 certum
945 2005 1005 2088 peti
1024 2002 1121 2088 possit

55 2101 275 2174 argumentum,
304 2100 338 2147 nt
365 2087 439 2148 bene
465 2088 631 2150 observavit
652 2090 742 2151 Kritz.
771 2092 838 2150 Tac.
866 2087 964 2173 Agric.
984 2093 1032 2148 28.
1071 2085 1119 2147 Ae

53 2169 138 2248 fuere
164 2193 234 2254 quos
254 2205 292 2217 ·-
318 2171 451 2231 indicium
488 2161 573 2232 tanet
598 2182 684 2232 cesus
708 2174 871 2232 illustrauit.
918 2170 967 2231 Sic
997 2167 1121 2230 fluctuat
1210 2177 1222 2241 J

56 2253 143 2314 lectio
168 2254 243 2312 Hist.
263 2259 300 2324 V,
321 2260 365 2328 2.,
386 2252 437 2312 ubi
456 2265 522 2312 arent
549 2259 599 2338 qui
620 2257 741 2317 tradunt
765 2267 844 2315 recte
871 2275 905 2314 en
932 2264 1004 2334 optt.
1026 2250 1133 2339 codd,

38 2334 197 2416 ,exhibent
224 2334 339 2395 Walth.
369 2336 440 2395 Ritt.
463 2335 572 2410 ‘Bacb.,
600 2337 906 2418 tradanettiessttng.
932 2336 1055 2414 Rupert.
1082 2333 1119 2392 al.
1176 2374 1187 2397 ι

57 2452 97 2464 -
122 2418 167 2477 De
185 2439 213 2477 r.
233 2422 386 2477 astrictum
406 2418 452 2476 vd.
473 2430 570 2477 annot.
592 2420 627 2478 ad
649 2419 722 2478 Dial.
738 2425 805 2493 25.‚
827 2418 908 2477 cuius
930 2436 1035 2501 synon.
1056 2415 1118 2473 eol·
1145 2445 1147 2450 ·
1229 2434 1231 2447 ¹

58 2501 164 2559 lectum
184 2499 327 2559 rarissima
347 2499 556 2580 significatione
576 2499 604 2557 b.
625 2499 643 2559 l.
662 2512 708 2560 est
727 2494 923 2559 contractum:
952 2495 1012 2557 Cic.
1032 2497 1118 2555 Brut.

54 2587 109 2661 90,
128 2587 195 2640 309.
237 2583 387 2641 Dialectici
409 2585 493 2664 quasi
512 2591 664 2640 eontracta
686 2593 713 2640 et
734 2586 858 2642 astricta
878 2582 1042 2660 eloquentia
1059 2600 1118 2658 pu·
1165 2595 1168 2615 ·‘

57 2664 152 2723 tenda
181 2673 232 2722 est.
279 2663 455 2723 Concludunt
483 2663 501 2721 i.
551 2705 557 2719 .
587 2654 849 2744 comprehendens,
878 2661 1026 2744 colligens.
1048 2659 1118 2720 =stc

56 2747 179 2826 ponitur
199 2747 234 2805 dc
260 2746 502 2832 argumentando:
530 2685 590 2805 bic.
613 2747 694 2806 Orat.
715 2752 764 2822 35,
789 2750 856 2806 122.
885 2746 1118 2819 argumentatio·
1192 2735 1197 2751 '

53 2849 109 2887 ‚nes
134 2828 310 2888 concludere.
345 2828 579 2903 Quint,Xll,2‚
602 2833 638 2888 15
661 2836 756 2888 et‘25.
797 2829 948 2888 Praeterea
976 2825 1013 2885 cl.
1039 2823 1118 2884 uck-

51 2911 145 2980 atein.
162 2911 295 2994 Prolegg.
305 2933 332 2991 p.
342 2917 390 2970 27.
401 2911 436 2969 de
448 2909 477 2968 b.
487 2910 505 2968 l.
524 2909 691 2970 »intellectu
703 2911 819 2970 videtur
830 2908 1029 2970 difficillimum
1042 2927 1118 2981 esse,
1196 2977 1199 2987 y

58 2991 221 3053 dialecticae
246 2993 399 3074 magistros
424 2992 452 3051 b.
473 2991 491 3051 l.
519 2992 649 3052 diversos
671 3015 734 3066 esse
762 2993 862 3053 aPcri
883 2990 1010 3062 atcticis‚
1040 3009 1116 3068 quos
1218 3056 1225 3061 ,

57 3073 155 3155 paullo
176 3087 244 3156 post
264 3085 485 3148 commemorat,
515 3096 579 3134 cum
607 3072 781 3136 dialecticam
806 3076 841 3134 ad
859 3015 924 3135 ieri
946 3071 1117 3132 ateticorum

58 3156 235 3238 disciplinam
260 3157 434 3239 pertinuisse
460 3156 537 3216 inter
561 3158 691 3218 eruditos
718 3169 840 3229 constet,
881 3096 943 3217 sel
966 3154 1032 3235 quia
1055 3153 1117 3212 dia-

58 3238 177 3300 lecticae
205 3260 292 3320 opera
319 3240 477 3298 astrictum
495 3251 525 3298 et
553 3238 705 3299 collectum
728 3251 757 3299 et
781 3237 893 3322 singula
913 3236 1008 3298 statim
1027 3256 1117 3318 argu-

57 3334 156 3381 menta
183 3323 358 3382 cortcludens
390 3321 502 3381 dicendi
533 3342 625 3403 genus
651 3333 799 3404 paratur„
818 3318 1015 3402 Peripateticis
1043 3337 1117 3378 vero
1166 3343 1168 3349 ¹

57 3403 122 3463 lusa
146 3403 286 3464 tribuitur
304 3416 334 3464 et
352 3402 476 3483 aequalis
497 3403 607 3479 oratio,
636 3417 670 3463 ut
690 3404 771 3467 illud.
788 3403 823 3463 de
844 3404 941 3464 Stoica
966 3399 1117 3481 disciplina

50 3483 310 3568 ‘intelligam-facile
330 3487 461 3546 inducor.
502 3485 600 3544 Talem
620 3486 695 3546 enim
716 3486 876 3546 orationem
896 3483 1019 3564 antiquis
1035 3482 1118 3543 Stoi-

57 3567 100 3629 cis
127 3568 218 3629 suiase
245 3581 377 3628 narratur
404 3589 427 3628 a
446 3566 506 3628 Cic.
534 3569 616 3626 Brut.
644 3575 693 3641 31,
722 3574 788 3629 120.
815 3574 865 3642 25,
893 3571 940 3628 at.
968 3572 1017 3636 30,
1048 3567 1117 3624 114.
1222 3570 1225 3579 ’

57 3650 162 3731 Topic.
183 3659 213 3725 2,
235 3658 261 3711 6.
283 3651 316 3711 cl.
336 3652 419 3711 Finn.
441 3654 492 3726 ΙΙΙ,
512 3652 542 3723 4,
568 3656 613 3708 10.
635 3663 664 3710 et
685 3653 766 3710 Brut.
788 3656 837 3724 90,
859 3655 927 3710 309.
967 3649 1044 3707 Sunt
1062 3645 1116 3718 alia

57 3754 177 3813 qunque
201 3734 382 3807 testimonia,
412 3755 484 3814 quae
510 3730 578 3791 huic
600 3731 642 3791 rei
668 3733 831 3812 probandae
857 3723 1041 3803 inserviant„
1063 3726 1116 3787 sed

58 3815 130 3876 satis
151 3815 243 3877 habeo
263 3816 339 3874 illins
353 3815 410 3874 loci
426 3814 594 3874 sententiam
607 3815 772 3895 explanasse
792 3814 848 3874 ita:
875 3811 1019 3873 dialectica
1032 3808 1115 3871 Stoi·

56 3902 162 3963 corum
187 3899 222 3957 ad
246 3892 395 3958 astrictum
421 3908 569 3979 praeparat
589 3895 700 3956 dicendi
719 3918 832 3978 genus,
855 3891 1115 3974 Peripateticorum

56 3980 208 4062 disciplina
234 3981 331 4040 susum
358 3991 389 4039 et
416 4001 480 4040 cum
509 3979 625 4039 lenitate
651 3980 770 4058 quadam
797 3977 936 4058 aequabili
956 3974 1115 4057 prolluens.

57 4063 98 4123 ΙΙΙ
125 4084 242 4123 omnem
260 4052 431 4126 ,drationem
457 4061 646 4142 amplificare,
675 4060 838 4122 Academici
865 4080 958 4120 acrem
985 4069 1016 4118 et
1042 4078 1115 4118 con-

54 4145 229 4222 tentiosam,
259 4146 341 4206 Plato
364 4143 531 4222 sublimem,
561 4141 726 4226 Xenophon
752 4165 868 4206 suavem
889 4141 1011 4203 reddere
1029 4151 1115 4222 pote-

54 4239 153 4287 runt-u
