2634 4656
141 306 146 314 .
198 254 265 324 aaa
348 220 354 235 ’
394 221 398 225 ’
537 255 694 339 Denegat
713 257 752 318 n
777 216 961 316 manne

196 413 239 486 in
270 427 384 484 senatu
415 409 558 482 breviter
593 435 748 495 censere,
779 409 844 480 nisi
872 408 949 506 quis
977 404 1113 503 ingenio
1137 420 1173 478 et
1205 403 1268 477 elo·

202 512 336 611 quentia
356 510 548 582 sententiam
573 537 665 580 suam
688 524 852 594 tueretur;
878 535 981 606 quum
999 508 1033 579 in
1055 504 1098 578 aii
1124 532 1204 578 uam
1219 504 1267 577 in·

201 610 322 683 vidiam
349 625 406 682 aut
429 610 554 681 crimen
583 608 689 680 vocati
719 634 780 680 sua
811 635 889 681 voce
912 533 1189 707 respondeniuur
1214 603 1268 679 ira·

201 709 337 796 ber'eu13
363 737 465 810 quum
491 707 678 781 testimonia
705 734 839 808 quoque
862 707 899 780 in
926 702 1267 807 [iudiciis]·publieis

203 880 286 941 eeba't
314 891 409 940 autern
438 877 565 939 tribunis
589 875 682 960 piebis
710 875 895 959 magistratus
915 873 962 936 nei
981 873 1092 934 invitos
1118 871 1157 932 ad
1174 891 1266 953 popu-

200 962 261 1022 tum
282 962 464 1042 producere,
484 971 519 1020 ut
550 961 587 1020 de
606 980 658 1034 re,
684 980 756 1039 quae
776 957 930 1040 agebatur,
956 956 1044 1017 verba
1063 955 1204 1015 iacerent.
1223 952 1265 1013 vsi

51 1070 54 1077 ⁴
123 1038 126 1042 ’
155 1063 165 1073 ’
200 1046 272 1104 Ero.
294 1042 373 1105 Clas.
394 1039 548 1123 Gie'tpp.
569 1042 603 1102 ad
624 1045 702 1101 Fam.
724 1043 788 1115 XH,
810 1046 837 1100 3.
860 1037 1041 1121 (Antonius)
1056 1036 1267 1119 productasin

201 1130 366 1185 concionem
393 1145 414 1183 a
443 1124 567 1183 Canntio
593 1126 758 1204 turpissime
784 1122 924 1188 discessit.
960 1122 1044 1179 Brut.
1070 1125 1121 1196 60,
1148 1123 1219 1178 217.
1242 1120 1267 1175 is
1300 1174 1303 1181 ,

195 1212 275 1284 ,enim
298 1204 367 1288 (Cn.
388 1205 530 1285 Sicinius)
558 1228 645 1287 qaum
675 1206 804 1264 tribunus
830 1205 923 1287 piebis
945 1204 1158 1267 Curionem.et
1180 1199 1279 1260 ona·-

166 1287 172 1306 ¹
201 1293 277 1348 riam
300 1289 430 1348 consules
448 1284 636 1369 produxisset
656 1287 798 1369 Curioque
819 1287 912 1345 motta
938 1286 1061 1344 dixisset
1079 1281 1200 1344 sedente
1218 1279 1265 1340 Cre

116 1413 125 1421 -
200 1372 326 1448 Octavio
353 1372 465 1444 collega
486 1405 542 1437 -,
570 1370 745 1451 Nunquam,
773 1371 882 1450 inquit,
911 1367 1038 1443 Oetaei,
1065 1365 1200 1439 collegae
1219 1372 1266 1422 too

198 1456 332 1530 gratiam
351 1450 476 1532 reseres,
495 1455 545 1534 qni
562 1455 620 1511 nisi
636 1472 669 1512 se
685 1473 736 1510 suo
752 1471 831 1510 more
844 1453 1030 1521 iactanisset,
1047 1446 1137 1506 hodie
1157 1455 1188 1504 te
1202 1447 1266 1504 istic

196 1555 317 1597 muscae
337 1534 534 1595 comedissent.
560 1533 662 1593 Matth.
679 1533 714 1593 ad
738 1529 798 1593 Cic.
822 1551 866 1590 or.
887 1553 933 1613 pr.
952 1533 1033 1592 Sext.
1057 1533 1107 1603 15,
1128 1532 1179 1588 33.
1218 1525 1266 1587 Sic
1287 1534 1292 1541 '

201 1615 363 1700 Appuleius
381 1615 521 1698 produxit
533 1613 705 1676 Ciceronem
720 1613 852 1674 Antonio
872 1634 949 1686 cos,
970 1631 1030 1696 quo
1049 1621 1109 1671 tem
1131 1628 1187 1670 ore
1198 1607 1267 1669 Piti-

200 1698 333 1780 iippicam
355 1701 402 1756 vt.
428 1696 536 1757 habuit.
583 1696 725 1756 Similiter
750 1695 823 1755 dixit
846 1695 999 1756 Demosth.
1024 1713 1070 1774 pr.
1124 1711 1211 1753 oron.
1238 1709 1267 1772 p.

201 1788 270 1843 285.
292 1779 391 1842 Reisk.
413 1791 440 1839 oi
461 1781 594 1858 πρυτάνεις
617 1813 652 1824 -
675 1783 719 1839 τὸν
734 1778 830 1850 aientia
850 1781 1012 1856 παρήγαγον.
1155 1777 1162 1786 ’
1304 1788 1307 1795 ’

140 1879 145 1888 ’
282 1880 312 1937 in
328 1889 432 1936 senata
448 1879 572 1937 breviter
585 1875 717 1959 censere]
741 1875 864 1936 Censere
886 1875 993 1936 dicitur
1012 1875 1059 1936 vel
1081 1883 1201 1934 senatus
1223 1866 1268 1930 vei

202 1970 352 2020 senatores
369 1958 413 2018 vei
429 1959 496 2040 (per
511 1970 608 2019 metou
633 1959 728 2028 eniam,
748 1979 804 2039 qua
819 1956 952 2018 abstaret.
967 1967 1168 2040 prenarrata
1183 1950 1268 2034 poni·

201 2040 267 2120 tur)
291 2041 450 2118 sententiae
470 1983 664 2102 summatim.
686 2040 747 2100 Osi.
762 2045 784 2113 Ι,
808 2044 855 2111 13,
877 2044 925 2099 39.
951 2035 1116 2122 (Regulus)
1140 2038 1267 2118 captiuus

141 2137 145 2149 “
202 2120 365 2181 reddendos
379 2125 408 2179 in
422 2132 526 2181 senatu
540 2143 597 2183 non
609 2126 726 2182 censuit.
748 2119 830 2182 Caes.
846 2123 880 2181 Β.
896 2120 930 2183 C.
944 2123 980 2198 ΙΙ,
997 2128 1044 2182 30.
1059 2150 1062 2156 ·
1085 2120 1186 2180 Erant
1203 2137 1266 2176 sen·

202 2207 328 2276 antiae,
347 2223 422 2284 qnae
449 2236 480 2248 -
503 2213 652 2262 censerent
672 2225 696 2262 e.
720 2216 818 2263 annot.
838 2204 963 2286 Herzog.
1004 2204 1108 2264 Variae
1126 2197 1266 2263 formulae

203 2285 241 2346 de
267 2298 383 2347 senatos
409 2283 527 2345 decreto
547 2284 610 2345 sive
637 2284 793 2360 consulto,
821 2307 891 2366 quas
912 2298 1062 2346 enumerat
1080 2284 1215 2345 Brissou.
1232 2278 1266 2340 sie

202 2369 329 2429 Formsn.
350 2389 377 2447 p.
403 2371 456 2426 181
473 2389 528 2446 sq,
548 2379 618 2426 suut
638 2366 705 2427 hae:
727 2366 839 2448 plaeere
853 2367 976 2441 senatui,
996 2379 1130 2428 senatum
1145 2364 1221 2426 velie
1236 2370 1266 2422 et

202 2470 325 2531 aequum
346 2468 477 2524 censere,
495 2447 668 2525 existimare,
688 2448 838 2527 arbitrari,
859 2450 971 2510 senatui
991 2448 1101 2524 videri3
1122 2447 1266 2509 maiorue

203 2543 335 2594 senatum
354 2530 498 2604 iudicare,
519 2532 632 2592 senatui
651 2553 737 2592 curae
755 2530 829 2592 iore·
910 2556 918 2575 ι

284 2631 342 2688 nisi
359 2632 423 2709 pois
441 2633 555 2705 ingenio
567 2627 760 2712 -tnereturJ
787 2633 845 2690 nisi
863 2633 926 2713 qais
945 2625 1017 2689 Coti.
1037 2631 1122 2692 Fam.
1144 2646 1265 2711 emarg·

202 2709 283 2792 Lips.
311 2710 384 2770 Edu.
411 2724 536 2791 postera.
565 2713 727 2772 Heumann.
754 2712 870 2771 Broter.
898 2707 969 2771 Ern.
998 2710 1098 2773 Obesi.
1127 2720 1264 2781 reeeatt3

203 2796 263 2852 nisi
279 2795 331 2874 qni
348 2789 440 2870 codd.
460 2795 525 2863 Par.
548 2794 635 2854 Viud.
659 2806 728 2854 vett.
747 2786 870 2865 Edam
889 2794 983 2875 Rup.;
1011 2799 1070 2853 nisi
1092 2796 1208 2869 ingenio
1227 2822 1264 2839 -·

204 2883 354 2934 tuerentur
370 2895 386 2933 e
407 2874 529 2937 eouiect.
549 2875 620 2935 Ern.
637 2887 750 2937 temere
769 2875 899 2950 obtrusit
917 2874 1033 2935 Schola.
1051 2873 1098 2937 Cf.
1112 2885 1214 2937 annot.
1232 2870 1266 2933 ai

205 2955 279 3016 Diai.
307 2961 335 3015 3.
375 2957 421 3016 De
450 2979 506 3018 usu
531 2956 633 3039 partic.
661 2962 719 3018 nisi
741 2979 785 3039 ap.
813 2959 881 3018 Tae.
910 2956 958 3018 ad.
986 2958 1077 3018 Roth.
1104 2958 1142 3019 ad
1168 2953 1265 3042 Agric-

291 3149 376 3210 qaum
398 3130 565 3189 testimonia
583 3164 622 3176 -
643 3129 741 3192 dicere
760 3128 948 3213 cogerentur]
973 3131 1002 3191 A
1021 3141 1122 3191 vetere
1143 3148 1268 3190 consae·

205 3207 325 3284 tudine,
352 3219 387 3268 ut
406 3219 497 3270 testes
516 3232 617 3272 coram
633 3223 667 3272 et
683 3224 853 3295 praesentes
871 3212 1020 3288 dicerent,
1049 3211 1105 3272 iarn
1125 3209 1267 3293 tempori·

159 3303 163 3313 ¹
205 3289 262 3351 bus
285 3289 393 3350 liberae
419 3291 462 3350 rei
490 3292 621 3372 publicae
640 3306 685 3355 est
711 3294 888 3369 discessum,
916 3317 1005 3375 quum
1028 3292 1198 3364 testimonia
1216 3312 1267 3375 per

204 3373 330 3433 tabellas
358 3372 500 3432 darentur
525 3375 587 3436 sive
612 3382 816 3437 recitarentur.
863 3377 918 3438 Vd.
940 3377 1025 3437 Rein.
1045 3378 1134 3437 nom.
1153 3374 1266 3437 Privat-

205 3453 290 3514 aeeht
317 3476 345 3535 p..
372 3454 441 3514 477.
480 3456 584 3541 Quint.
610 3461 649 3533 V,
672 3465 709 3536 7,
737 3465 838 3521 1-3.
890 3461 1043 3521 ttantnns
1078 3458 1190 3519 tamen
1211 3475 1267 3540 pa-

201 3536 297 3621 tronis
315 3539 396 3597 circa
415 3542 581 3600 testimonia
606 3542 697 3600 'sudor
722 3551 772 3602 est.
815 3541 868 3605 Eo.
882 3541 1022 3616 dicuntur*
1036 3550 1090 3600 ant
1105 3561 1170 3621 per.
1181 3538 1266 3600 tais-

205 3619 253 3701 las
281 3627 334 3678 aut
366 3637 387 3676 a
412 3622 621 3700 praesentibus.
675 3624 842 3706 Simplicior
874 3637 976 3698 contra
1009 3623 1128 3682 tabulas
1158 3639 1265 3704 pam

205 3699 285 3762 Nam
304 3712 333 3761 et
351 3703 445 3760 minus
464 3703 607 3771 obstitisse
626 3704 738 3767 uidetur
762 3706 855 3789 pudor
876 3710 952 3765 inter
974 3727 1083 3788 pancos
1102 3708 1266 3781 signatores

104 3821 107 3827 ·
205 3792 235 3840 et
258 3792 314 3863 pro'
342 3780 506 3862 diffidentia
529 3791 673 3867 premitur
698 3788 840 3849 absentia.
880 3788 915 3847 Si
936 3789 1189 3869 reprehensionem
1209 3807 1264 3845 non

204 3868 282 3945 capit
307 3868 372 3945 ipsa
397 3887 543 3945 persono,
570 3866 716 3946 infamare
742 3874 906 3945 signatores
925 3873 1001 3930 ticet.
1036 3869 1159 3929 ¹Tacita
1176 3887 1267 3950 prae-

204 3954 286 4005 terea
307 3950 444 4019 cogitatio
462 3947 631 4026 refragatur
650 3953 697 4011 iris
714 3953 858 4024 omnibns,
877 3948 954 4038 quoti
972 3973 1055 4012 nemo
1073 3971 1130 4032 per
1151 3951 1267 4012 tabulas

203 4027 470 4089 dattestimoninrn
488 4034 546 4091 nisi
562 4053 618 4092 sna
637 4035 800 4096 volontate:
847 4059 882 4101 no
900 4039 962 4117 ipsa
975 4058 1038 4096 ‘non
1056 4054 1119 4094 esse
1139 4037 1267 4105 amictas

203 4113 233 4182 ei
249 4130 298 4184 se,
318 4120 419 4170 contra
439 4133 522 4194 quern
542 4113 630 4193 dreit,
649 4117 790 4194 fatetur.
849 4139 918 4202 eque
937 4127 1036 4178 tamen
1050 4119 1186 4198 protinas
1207 4134 1267 4177 aas·

198 4197 273 4254 serit
287 4203 406 4270 orator,
432 4210 488 4278 qna
509 4199 602 4266 minos
622 4208 650 4258 et
669 4205 782 4262 amissas
807 4222 861 4285 pru
881 4205 1026 4266 amicoet
1045 4201 1267 4262 tunionem

481 4310 483 4315 .
723 4290 739 4324 Ο
844 4323 852 4337 ο
