2634 4656
115 242 186 353 ³4¹
216 236 219 240 Ι
447 281 604 367 Dialogus
620 246 870 377 *testarer-teus

113 439 309 513 iuiudieiis
333 437 519 512 veneratio!
538 438 646 537 ,quod
672 438 833 535 gaudium
858 437 1087 535 consurgendi
1111 436 1192 511 assi·

114 540 291 638 standique
307 538 404 623 inter
432 554 579 611 tacentes
608 556 640 610 et
668 540 704 610 in
730 565 836 609 uuum
862 540 1061 611 couversos!
1105 536 1193 608 eolre

112 636 275 739 populum
298 654 333 710 et
356 637 580 709 circumfundi
605 665 762 710 eoronam
786 653 819 708 et
843 636 994 738 accipere
1023 636 1191 723 allectum,

113 794 255 871 deantur.
287 805 386 872 tenere
407 790 443 853 'se
473 804 503 852 et
529 792 690 865 intelligere
715 794 800 870 prius
825 786 934 871 paene
949 812 1039 872 quam
1070 790 1193 851 audiant

113 882 243 950 mentiti,
271 900 357 959 quum
379 879 472 935 multa
502 884 530 932 et
554 874 661 931 diserte
682 877 858 951 summisque
883 874 1082 947 elamoribus,
1118 893 1192 956 quae

7 985 12 997 ·
111 958 269 1041 nequeat]
291 952 538 1037 iudicem-neque
550 955 591 1013 ael
611 957 790 1027 litigatorem
808 958 995 1035 pertineant,
1015 954 1192 1031 decantasse

112 1050 199 1112 rarat,
223 1040 293 1096 bene
306 1039 451 1097 sodames
466 1034 592 1117 beneque
614 1040 750 1113 celeritati
765 1057 821 1116 per
832 1034 936 1114 soram
956 1036 1192 1103 reelucantur.--·⁸

112 1121 159 1180 De
187 1118 293 1200 plurali
320 1112 508 1201 metonymic.
538 1120 695 1177 corrritatus
724 1151 760 1161 -κ
792 1139 924 1192 egressus
952 1116 999 1177 vd.
1027 1130 1129 1195 auuot.
1158 1116 1192 1177 ael

111 1205 201 1282 cpdb.
243 1200 327 1258 Adde
350 1200 385 1260 de
407 1198 560 1259 Messalina
581 1202 658 1257 Aua.
684 1200 805 1273 xt‚.12.
846 1200 905 1258 Illa
927 1222 984 1259 non
992 1196 1193 1277 su1·tim·‚,t,0‘l

112 1285 204 1343 multo
223 1287 366 1341 comitatu
388 1276 529 1341 cantitare
549 1280 678 1354 claretum,
701 1280 863 1354 egressibus
884 1281 1113 1359 adhaerescere,
1133 1282 1193 1339 lar·

109 1368 172 1443 gisi
191 1370 275 1445 opes,
296 1365 429 1423 leonores.

196 1443 331 1527 Species]
361 1447 409 1505 Se.
431 1443 566 1503 oratoris.
610 1444 729 1541 Species
751 1455 797 1502 est
820 1452 960 1517 ornatus,
981 1440 1126 1523 splendor¹
1144 1463 1193 1503 ex-

111 1536 234 1603 ternus,
263 1527 314 1606 qui
341 1526 505 1586 in'oeulos
526 1521 667 1585 ineurrrt:
706 1524 805 1583 Germ.
831 1531 876 1584 16.
905 1522 975 1604 ibiq.
1007 1526 1096 1584 Heus.
1114 1524 1191 1597 ,Anni

113 1610 164 1683 lV,
187 1616 214 1668 6.
235 1642 275 1651 -
295 1628 351 1665 saa
373 1609 552 1680 consulibus,
573 1618 628 1665 saa
645 1606 834 1687 praetoribus
853 1610 973 1689 species.
1007 1604 1053 1666 Cf.
1076 1600 1192 1689 Ruhn'lt.

114 1689 214 1751 Schol.
236 1689 270 1748 ad
291 1690 372 1749 Suet.
394 1689 476 1750 Caes.
502 1696 550 1748 67.
580 1688 726 1747 Boettieh.
746 1688 817 1747 Lex.
838 1688 906 1748 Tae.
928 1710 950 1747 s.
971 1710 999 1747 v.

197 1771 277 1853 quod
298 1773 440 1845 gaudium
463 1771 658 1845 consurgendi
683 1770 895 1850 assistendique
916 1772 1147 1849 interiacentes
1165 1780 1193 1837 et

114 1856 145 1923 in
168 1862 254 1933 uatem
278 1852 447 1934 correersos]
484 1853 563 1934 quod
592 1851 783 1925 tegentium
811 1848 903 1911 Coto.
926 1852 1011 1910 Farn.
1034 1852 1193 1919 Vaticeaet

103 1934 151 1994 'ex
182 1932 304 1993 eonieet.
332 1934 416 1994 Acie:
447 1934 482 1993 ab
510 1936 673 1992 Heumann.
701 1933 908 2013 interpositpr'n
936 1933 1094 1993 confirmat
1122 1928 1215 2009 Coti.

113 2016 218 2091 Fam,
246 2016 325 2074 unde
352 2028 528 2095 receperunt
547 2015 664 2073 Waltlr.
687 2014 774 2072 Bach.
796 2016 869 2074 Ritt.
910 2016 1035 2074 Veteres
1060 2012 1192 2075 oratores

115 2109 146 2157 et
166 2119 314 2157 causarum
335 2097 452 2178 patroni
472 2098 507 2155 ad
528 2096 682 2155 dicendum
703 2116 825 2176 surgere
846 2094 998 2171 solebant,
1027 2096 1100 2177 dum
1119 2094 1193 2156 iudi-

117 2182 186 2254 ces,
214 2179 381 2254 auditores,
409 2200 453 2237 ma
476 2178 595 2237 'stratus
629 2177 731 2236 sedent
758 2190 787 2236 et
815 2198 867 2238 ore
893 2178 924 2236 in
953 2188 1104 2237 oratorem
1124 2198 1194 2239 con-

115 2256 204 2321 vers'o
233 2272 338 2319 tacent.
361 2260 408 2320 vd.
438 2198 512 2318 Plln.
540 2261 614 2341 Epp.
637 2261 658 2331 l,
679 2265 728 2318 23.
758 2257 818 2319 Cic.
848 2281 891 2341 pr.
921 2262 1010 2339 Rose.
1038 2260 1141 2321 Aruer.
1168 2264 1193 2325 l‘.

115 2340 155 2401 ‘de
176 2338 259 2401 Orat.
281 2344 318 2416 lt,
341 2348 392 2416 78,
413 2346 482 2400 316,
519 2342 622 2415 Quint.
645 2343 681 2417 ll,
704 2346 734 2415 6,
755 2348 783 2400 2.
800 2362 932 2416 surgere
960 2342 1003 2399 ab
1022 2338 1194 2413 dicendam

118 2424 161 2482 sic
182 2426 324 2495 ἀναστῆναι
350 2423 503 2482 Demosth.
525 2423 648 2507 Olynth.
670 2424 706 2496 ll,
728 2430 755 2482 6.
783 2424 852 2503 ibiq.
882 2421 1005 2505 Ruedig.
1055 2423 1195 2507 Exempla

120 2516 286 2564 structurae
306 2505 442 2609 qerundii
469 2504 559 2564 ollert
578 2507 646 2565 Tae.
668 2504 746 2563 Ann.
769 2506 804 2580 ll,
825 2508 874 2564 47.
898 2508 1004 2583 neque·
1021 2506 1142 2566 salitum
1164 2508 1194 2565 in

118 2588 175 2646 tali
202 2586 274 2645 casu
305 2586 443 2666 effiagium
472 2588 658 2646 subveniebat
678 2590 708 2645 in
728 2596 835 2667 aperta
860 2586 1074 2667 prorumpendi
1091 2586 1145 2649 ubi
1161 2590 1194 2651 [τ.

119 2668 208 2729 Bach.
229 2670 281 2742 IV,
302 2675 330 2727 2.
359 2690 453 2751 neque
477 2674 626 2728 senatorio
654 2668 767 2727 ambitu
795 2668 960 2726 abstinebat
986 2669 1108 2729 clientes
1130 2684 1196 2731 suot

120 2749 278 2809 bonoribus
302 2761 356 2809 aret
379 2754 538 2831 provinciis
565 2750 697 2825 ornandi.
730 2749 830 2831 Agris.
852 2755 899 2807 35.
924 2781 960 2793 —-
982 2754 1084 2824 ingens
1108 2750 1196 2813 stata

120 2834 186 2889 riae
213 2830 302 2889 decus
330 2836 408 2890 citra
435 2834 603 2891 Romanum
628 2836 799 2905 sanguinem
827 2830 957 2905 bellandi
978 2864 1016 2876 -
1044 2831 1099 2893 ubi
1125 2832 1197 2915 ubal?

119 2911 240 2972 Walelt.
262 2913 390 2972 bellanti.
704 2920 707 2925 '
951 2978 954 2983 ,
1184 2920 1188 2927 “

207 3004 236 3052 et
260 2992 457 3073 eirertmfiandi
481 2993 638 3076 coronam]
667 3015 769 3054 coram
797 2993 935 3055 exhibent
963 2991 1058 3054 Codcl.
1085 3006 1119 3056 et
1135 2994 1197 3079 ple-

125 3092 232 3155 raeque
252 3076 326 3134 Etd.
348 3098 488 3135 coronam
511 3099 556 3151 ex⁸
567 3078 708 3136 emendat.
729 3076 839 3136 Acidal.
862 3088 891 3136 et
905 3076 1001 3136 Schel.
1021 3084 1199 3159 receperunt

125 3158 196 3216 Ern.
222 3156 323 3218 Oberl.
344 3157 465 3217 Bekker.
480 3159 625 3219 Boettieb.
643 3159 759 3219 Walth.
779 3158 867 3218 Baeh.
888 3158 972 3233 unt,
989 3160 1070 3237 quod
1084 3174 1198 3221 seom-

121 3239 235 3323 pendio
259 3242 362 3297 scriem
385 3238 467 3300 saeile
488 3240 553 3300 elici
572 3253 686 3321 potest3
715 3262 826 3300 corona
847 3239 963 3300 Schulz.
983 3236 1107 3300 Waleh.
1127 3240 1197 3323 Agr.

116 3320 156 3401 'p
172 3324 240 3379 310.
262 3322 306 3379 Ex
318 3321 432 3380 Dronk.
447 3321 600 3403 interpret.
613 3344 713 3381 eoram
730 3320 925 3400 circumfundi
937 3320 1065 3402 populus
1080 3321 1198 3397 dicitur,

131 3402 198 3481 qui,
226 3414 366 3481 quantum
392 3404 526 3483 proxime
548 3405 657 3485 possit,
686 3405 720 3462 ad
748 3417 894 3462 oratorem
916 3403 1054 3463 accedere
1076 3402 1200 3465 conatur

128 3503 253 3562 eumque
272 3484 422 3544 consertus
444 3485 619 3561 circumdat,
641 3506 701 3564 quo
720 3486 824 3544 melius
846 3485 933 3544 rerba
953 3484 1045 3565 ipsius
1067 3484 1201 3569 excipiet.

130 3565 248 3623 Corona
269 3576 314 3624 est
333 3579 435 3625 coetus
456 3566 608 3625 hominum
635 3567 757 3646 aliquem
785 3566 1053 3641 circumstantium,
1075 3566 1200 3649 'praeci-

128 3668 187 3729 pue
206 3646 349 3721 iurfirem,
379 3660 535 3707 oratorem.
578 3647 639 3709 Cic.
659 3666 702 3729 pr.
722 3649 814 3707 Flaee.
835 3654 883 3708 28.
923 3648 1040 3706 Inrrr'clr‘a
1059 3654 1200 3726 queritur,

129 3750 150 3787 a
169 3729 313 3787 iudicibus
332 3734 434 3787 oratio·
450 3735 608 3805 auertitur,
630 3752 684 3789 oea
699 3733 728 3788 in
749 3752 895 3789 eoronam·
909 3731 1085 3811 turbamque
1107 3728 1200 3811 effism

130 3808 219 3869 ditur.
249 3832 294 3889 pr.
316 3810 418 3870 Milon.
442 3817 467 3870 1.
493 3812 561 3873 Non
582 3817 657 3871 enim
674 3833 785 3872 corona
802 3812 955 3873 'consessas
975 3821 1069 3871 aester
1089 3817 1201 3875 cinctus

131 3901 189 3962 est,
228 3900 259 3948 ut
284 3892 415 3965 solebat,
451 3914 507 3951 non
535 3894 646 3952 rasitata
668 3894 840 3975 frequentia
866 3897 971 3976 stipati
993 3915 1096 3953 sumus
1131 3894 1200 3975 ibiq.

113 3972 298 4053 ‘Steinmetn
320 3973 423 4047 Quint.
445 3975 510 4047 ΧΗ,
529 3980 575 4049 to,
600 3979 647 4035 74.
667 4011 703 4020 —-
727 3998 784 4057 quo
807 3980 901 4034 rnirms
921 3980 1032 4034 ruitum·
1046 3987 1109 4049 est,
1125 3976 1202 4056 quod

130 4054 203 4110 nulli
218 4074 274 4109 aon
296 4058 444 4127 agrestium
462 4067 575 4134 parata
599 4060 676 4133 uulgi
695 4078 805 4117 corona
827 4070 878 4116 est.
907 4057 980 4132 Plin.
994 4059 1068 4139 Epp.
1085 4059 1138 4133 Vl,
1154 4062 1200 4119 ³3.

121 4138 174 4180 '-'
189 4143 348 4213 praeterea
368 4135 459 4193 deuse
479 4142 730 4207 circumstantium
746 4160 857 4199 corona
871 4140 1046 4198 latissimum
1060 4141 1201 4200 iudicium

129 4214 286 4293 multiplici
302 4216 412 4277 circulo
433 4216 572 4279 ambibat.
594 4224 660 4300 VH,-
680 4229 730 4283 33.-
750 4240 861 4281 corona
880 4220 913 4280 di
936 4223 1024 4281 usior.
1109 4228 1112 4233 '
