2634 4656
506 254 821 338 Psvtcgomce
1064 250 1205 315 xm

131 398 173 499 ns
187 409 330 527 reliquis
361 434 432 481 nou
456 406 633 525 dissemirs
655 410 799 484 innuens
824 405 973 480 omniurn
1000 405 1202 522 suimus-ed

122 538 279 685 stt?
287 525 585 708 ,llutttttt
606 504 1085 706 tutttttffl‘lssttl'tt
1087 522 1199 701 '‘1²th

120 738 186 811 qna
210 736 248 782 re
274 708 532 813 disputationem
548 708 594 781 ad
617 736 688 783 rem
710 634 971 813 in-prael'btione
995 714 1195 778 commemoa

117 826 223 885 mam
247 809 325 883 duci
348 808 509 883 ridemus.
557 863 562 875 .
595 856 598 861 -
793 852 796 857 -
924 860 928 865 .
1141 838 1154 871 .·
1190 832 1194 837 ·

138 936 142 947 ·
190 960 193 965 -
216 908 324 983 Cuius
347 908 534 1005 argumenti
559 906 750 1003 gravitatem
770 932 856 980 ,eum
887 902 1105 979 concessisset
1122 899 1193 975 ἴδω

116 1007 251 1085 enudus
287 1007 453 1109 simulque
481 1006 526 1079 ad
555 1033 628 1080 euru
661 1005 919 1110 disputationem
944 1000 1192 1107 suscipiendam

114 1106 276 1189 Messalla
298 1107 465 1183 neminem
498 1104 658 1210 aptiorem
687 1132 760 1180 esse
786 1104 1060 1203 significasisset,
1095 1099 1129 1173 is.
1153 1126 1191 1173 ss

114 1208 163 1283 ad
186 1208 225 1281 id
247 1207 437 1281 faciendum
461 1222 615 1315 paratum
635 1204 827 1323 profitetur,
851 1207 949 1306 eique
972 1198 1190 1307 inpartibus,

114 1335 206 1409 quas
230 1306 395 1395 omiserit,
419 1305 663 1410 persequendas
686 1332 723 1385 se
736 1330 806 1380 non
823 1305 998 1379 defuturos
1014 1329 1088 1375 esse
1109 1320 1189 1403 ptos

112 1407 220 1513 pensi
239 1407 410 1479 Maternus
432 1422 465 1479 et
489 1405 666 1479 Secundus
685 1407 881 1522 promittunt
905 1415 949 1500 (e.
977 1404 1060 1497 16.).
1106 1474 1111 1495 ,

223 1505 382 1606 Sequitur
402 1504 468 1595 issu
494 1505 598 1609 Apri,
636 1533 714 1605 qur,
745 1505 883 1608 reliquis
906 1503 949 1577 de
974 1501 1188 1603 antiquorum

114 1621 285 1679 oratorum
306 1605 506 1709 praestantia
531 1605 831 1694 consentientibus,
865 1602 958 1678 solus
985 1602 1039 1677 sui
1058 1618 1188 1703 tempo-

113 1706 164 1779 ris
180 1704 410 1777 defensionem
427 1704 514 1778 susci
540 1705 584 1795 it,
605 1733 669 1809 pro
690 1704 930 1799 recentioribus
948 1702 1057 1778 aerior
1080 1715 1112 1773 et
1130 1726 1186 1771 res

113 1803 303 1880 hementior
322 1803 429 1876 oratio
443 1806 498 1898 ’(ο.
515 1734 723 1898 l6-23.),
748 1832 817 1877 non
833 1803 925 1879 omui
945 1820 1058 1877 tamen
1081 1798 1186 1871 comi-

112 1921 180 1979 tate
206 1920 239 1979 et
264 1901 452 1976 urbanitate
480 1930 606 1978 mens
654 1904 749 1979 -Aute
780 1904 892 1979 omnia
916 1916 1043 2005 putat,¹
1059 1896 1186 2001 quibus

112 2004 197 2079 illud
217 2004 431 2102 antiquorum
447 2030 568 2087 nomen
581 2004 686 2088 tribui
701 2004 832 2095 debeat,
855 2000 1083 2105 quaerendum
1099 2020 1186 2085 esse,

113 2102 183 2179 sibi
197 2104 286 2178 enim
308 2101 359 2175 vel
378 2101 508 2177 Ulixem
530 2104 668 2204 eiusque
690 2100 845 2205 aequales
858 2105 906 2178 ita
923 2099 1089 2177 nominari
1105 2104 1185 2171 eon-

114 2222 309 2279 sentancum
329 2201 453 2290 videri,
479 2202 686 2279 adversarios
705 2230 783 2279 vero
806 2203 844 2278 id
865 2204 911 2279 ud
926 2199 1186 2277 Demosthenem

112 2304 327 2405 reliquosque
351 2301 500 2375 eiusdem
530 2303 643 2378 aetatis
677 2322 826 2379 oratores
846 2305 990 2395 referre,
1027 2300 1086 2403 qui
1114 2300 1185 2370 nou'

111 2404 188 2506 plns
213 2400 465 2504 quadringentis
489 2403 585 2476 anuis
610 2402 740 2493 absint,
767 2421 817 2493 et,
840 2406 871 2479 si
893 2402 1042 2505 quisad,
1055 2395 1185 2473 matbea

112 2505 308 2579 mancorum
332 2501 369 2573 in
398 2508 634 2599 magno-anno
664 2501 856 2595 deliniendo
880 2501 1079 2577 subtilitates
1102 2524 1184 2572 eon-

111 2602 239 2703 l'ugiat,
261 2600 306 2674 ad
322 2599 464 2674 eundem
481 2601 662 2717 atque-ipsi
674 2602 1023 2777 mensemqqsrtinoant
1035 2608 1079 2698 (e.
1098 2600 1183 2690 17.).

109 2701 148 2775 ln
172 2700 299 2777 hunis
321 2729 391 2773 non
404 2701 598 2773 Menenium
611 2700 798 2805 Agrippam
859 2703 891 2778 ei
913 2693 1195 2803 antiquum-sed

111 2803 307 2875 Ciceronem
319 2799 446 2900 quique
460 2828 530 2873 nna
549 2798 721 2877 floruerint
738 2830 814 2883 eum
831 2830 899 2893 eo,
917 2802 1068 2904 quamvis
1091 2797 1182 2873 iltius

114 2900 159 2974 ab
189 2917 295 2975 morte
314 2917 442 2975 tantum
473 2915 603 2974 centurn
617 2919 659 2977 ‘et
682 2903 798 3000 viginti
811 2960 814 2967 .
828 2904 907 2977 anni
932 2899 1184 3004 praeterieriott
1274 2958 1278 2965 .

111 3028 159 3075 ex.
169 3028 239 3101 qua
251 2999 412 3102 temporis
426 2998 585 3075 breuitate
600 3003 779 3103 consequi,
802 3002 934 3078 illorum
952 3001 1086 3076 laudem
1101 2997 1181 3073 buis
1210 3029 1214 3036 ·

112 3101 350 3178 aetatiseotius
364 3098 521 3190 concedi,
547 3129 646 3203 quam
668 3102 941 3187 antecedentibus
959 3099 1184 3201 temporibus,
1240 3164 1242 3168 ,

111 3218 254 3300 queem
286 3216 433 3274 oratores
463 3199 565 3273 rudes
596 3203 663 3275 siut
690 3216 724 3275 'et
751 3200 904 3302 impoliti.
958 3204 1076 3300 Neque
1098 3225 1177 3271 sero
1213 3254 1216 3259 .

109 3299 357 3374 accommodata
381 3300 667 3400 est·antiquorum
689 3300 881 3403 eloquentia
905 3301 998 3375 bisce
1019 3298 1177 3401 tempori-

108 3397 192 3490 bus,
250 3401 308 3473 uia
330 3398 455 3473 lbrmae
480 3428 520 3472 ac
544 3400 667 3498 genera
695 3400 829 3476 dicendi
852 3420 1039 3490 mutantur,
1067 3425 1177 3499 neque

105 3498 206 3574 aliam
226 3428 273 3570 lib
296 3490 447 3573 saonam
473 3496 694 3575 receutioium
718 3500 907 3617 eloquentia
934 3500 1066 3575 ridetur
1085 3496 1185 3571 ‹tete--

105 3598 197 3686 rior,
236 3624 339 3698 quarn
370 3599 463 3699 quod
490 3599 634 3673 bumana
657 3599 844 3699 malignitas
867 3630 953 3675 nora
979 3600 1176 3702 plerumque

106 3695 281 3787 fmtidire,
299 3699 453 3798 antiqua
474 3699 628 3773 extollere
646 3700 768 3775 soleat.
817 3702 901 3775 Inde
928 3701 1026 3777 etiam
1044 3701 1187 3775 sactum·

108 3813 197 3886 erat,
230 3814 267 3875 ut
290 3825 333 3871 ne
355 3798 506 3871 Ciceroni
531 3798 666 3901 quidem
690 3799 927 3877 obtrectatores
951 3800 1105 3874 deessent
1130 3801 1176 3897 (c.

109 3896 218 3990 18.).·’
252 3898 389 3971 Cassius
415 3897 558 3972 Severus
566 3920 582 3987 ,¹
608 3914 707 3999 quem
734 3899 784 3979 ,ad
807 3901 1029 4002 eloquentiam
1056 3903 1183 3975 immu-¹

106 3996 242 4069 tandum
267 3995 457 4100 principem
471 3998 631 4072 exstitisse
654 4000 784 4088 serum,
809 4000 961 4075 consulto
977 4001 1115 4075 descivit
1130 4000 1173 4072 ab
1203 4054 1206 4062 ,

106 4096 275 4197 antiquis,
302 4098 382 4197 quja
401 4124 476 4171 cum
490 4100 888 4199 temporum-condicione
910 4101 1070 4189 orabouis
1088 4128 1176 4200 quo·
1230 4140 1246 4165 α.

109 4212 181 4296 qu'e.
209 4195 351 4273 torum
377 4197 576 4273 armandam
601 4202 687 4274 esse·
704 4206 973 4303 «pneumam..-
990 4196 1184 4277 otim..·insl

930 4319 973 4378 c*
