2634 4656
439 248 597 331 nrarogu
616 247 656 309 n
668 203 861 311 'numen
924 266 928 272 ·

533 399 564 459 (t
580 416 607 460 a
623 416 664 473 p·
698 397 767 458 Π.
786 394 790 399 ’

119 526 123 533 ’
213 516 298 593 Nam
323 515 468 590 carmina
494 530 526 591 et
550 545 685 608 versos,
718 515 843 617 quibus
865 528 967 589 totam
996 515 1097 589 uitam
1120 516 1193 591 Ma·

113 626 229 693 ternus
260 617 428 690 insumere
452 616 667 718 optat‘(inde
693 618 779 688 enim
806 615 914 689 omnis
939 612 1034 687 lluxit
1059 617 1192 715 oratio),

113 740 156 797 ne
184 744 224 790 ue
245 716 438 813 dignitatem
463 714 570 789 nllam'
584 716 776 788 auctoribus
796 714 866 787 suis
886 713 1066 788 conciliant
1087 740 1194 815 neque

40 892 60 912 ,Δ
114 746 271 889 utilitates
301 815 409 904 alunt,
435 813 634 915 voluptatem
657 830 764 887 auten]
790 814 942 902 brevem,
966 812 1100 887 laudern
1123 814 1194 889 ina-

114 944 191 989 nem
215 933 246 987 et
268 915 507 987 infructuosam
531 929 789 1012 consequuntur.
840 912 933 985 Licet
957 913 1039 987 haec
1063 914 1139 1015 ipsa
1163 932 1193 1015 et

114 1042 201 1115 qnae
228 1011 350 1086 deinde
374 1012 524 1087 dicturus
547 1041 621 1086 snm
643 1030 856 1100 auresinae,
881 1012 1052 1103 Materne,
1075 1040 1193 1117 respu-
1228 1104 1232 1111 ⁵

106 1130 190 1204 ant,
221 1113 275 1186 eni
301 1111 392 1183 bono
418 1106 494 1202 est,
519 1112 548 1186 si
575 1111 665 1214 apud
694 1129 726 1185 te
750 1114 982 1209 Agamemnon
1008 1129 1067 1189 ant
1096 1115 1193 1189 lason

113 1283 273 1365 teutatem,
295 1301 370 1365 quae
378 1279 423 1363 fit
436 1302 480 1342 >en
500 1278 668 1356 eirtut'ibus,
680 1282 749 1378 peti
766 1281 872 1378 dimne.
913 1278 960 1343 Cf.
981 1280 1038 1342 Ed.
1058 1282 1193 1345 Bonnell.

113 1375 300 1426 commentat.
321 1364 358 1422 de
386 1377 494 1424 mutata
523 1364 578 1424 sub
602 1365 704 1445 primis
728 1361 901 1425 Caesaribus
922 1362 1110 1446 eloquentiae
1130 1368 1193 1431 llo-

92 1444 215 1507 'manae
234 1445 408 1507 condicione
429 1458 483 1507 ete.
513 1445 611 1506 Berol.
635 1450 723 1505 1836.
745 1450 774 1506 4.
796 1466 858 1527 pag.
880 1450 910 1505 5.

154 1542 225 1626 Cap.
235 1546 284 1604 tx.
306 1548 449 1603 insumere
461 1545 554 1626 optat]
568 1540 692 1623 capes.
708 1546 803 1602 necin
818 1541 985 1603 auctoribus
994 1545 1195 1617 wgnosoeudie

117 1631 243 1687 -satis
263 1646 369 1707 operae
387 1629 559 1698 insumitur,
582 1645 655 1706 quae
676 1636 824 1684 structura
838 1622 984 1683 rarissima
1005 1636 1070 1701 est,
1090 1625 1195 1689 usitata

111 1716 210 1768 tutem
230 1711 374 1768 insumere
387 1705 495 1787 aliquid
510 1707 594 1767 alicui
611 1707 654 1766 rei
668 1705 718 1787 (ut
732 1726 848 1786 semper
859 1707 927 1766 Tae.
945 1705 993 1766 vd.
1009 1707 1109 1768 Boett.
1125 1710 1194 1771 Lex.

10 1786 13 1791 ’
112 1786 198 1870 Tac.)
221 1788 267 1850 rel
289 1789 320 1848 in
343 1787 466 1869 aliquam
487 1810 557 1849 rem.
600 1789 712 1871 Optare
740 1808 806 1847 enrn
832 1786 914 1846 infin.
936 1787 1030 1848 rarius
1059 1789 1194 1851 streitnn

114 1871 163 1932 vd.
184 1871 293 1952 Reisig.
315 1870 431 1932 Vorles.
452 1870 478 1952 ξ.
501 1877 570 1931 316.
598 1871 683 1931 Haas.
704 1880 803 1928 annot.
823 1871 893 1929 485.
921 1868 997 1928 Plin.
1016 1870 1126 1956 Paneg.
1149 1874 1193 1935 10

113 1963 198 2037 optat
218 1954 251 2012 id
259 1953 371 2031 faeere.
400 1937 505 2027 Quint.
526 1955 548 2026 l,
571 1956 600 2024 1,
624 1958 651 2011 6.
672 1952 711 2026 X,
735 1955 854 2039 1,=127.
1085 2018 1092 2037 Ι
1218 1956 1225 1971 “

195 2042 339 2101 utilitates
357 2039 456 2123 alunt]
492 2040 549 2099 Vix
570 2037 645 2118 apud
671 2039 758 2098 alium
779 2037 954 2120 scriptorem
970 2040 1102 2120 reperias
1122 2039 1194 2103 lsaue

113 2120 313 2196 locutionem,
340 2141 395 2201 pro
424 2143 481 2201 qua
507 2119 542 2180 C.
564 2119 664 2179 Barth.
692 2119 818 2179 Advers.
847 2120 951 2179 thV.
974 2124 1021 2180 15.
1050 2142 1080 2201 p.
1102 2126 1192 2183 tosa
1228 2148 1233 2165 ³

113 2202 242 2265 coniecit
268 2205 397 2263 utilitate
423 2224 455 2263 se
482 2205 580 2275 alunt,
609 2200 629 2260 i:
649 2221 674 2260 e.
700 2221 763 2260 non
791 2212 904 2260 tanturn
932 2201 1054 2282 praemii
1081 2202 1196 2265 anund

112 2284 265 2359 referunt,
296 2296 435 2364 quantum
457 2283 486 2342 in
509 2305 541 2344 ea
562 2294 696 2361 sumptus
718 2282 813 2342 facere
833 2302 953 2343 neeesse
973 2295 1038 2359 est,
1065 2289 1110 2345 sie
1130 2306 1194 2346 aar·

112 2368 300 2428 interessiren
326 2366 387 2426 siclt
413 2367 499 2426 niclrt.
539 2365 697 2425 Gntmann.
727 2384 771 2444 ap.
794 2363 886 2424 Orell.
906 2367 1050 2425 utilitates
1070 2366 1194 2444 addant,

113 2447 220 2509 Ritter.
243 2449 370 2509 utilitate
390 2468 438 2508 eos
458 2450 541 2507 alunt
562 2446 604 2507 sie
625 2445 789 2526 explicanse
819 2446 886 2505 Hae
905 2446 988 2527 Aper
1008 2446 1100 2523 (licit,
1127 2468 1195 2509 aaut·

114 2533 196 2592 mina
219 2540 247 2589 et
272 2551 369 2590 uersus
389 2550 477 2613 neque
496 2530 670 2603 dignitatem
686 2525 902 2610 (magistratus)
915 2530 1007 2588 ullam
1029 2530 1196 2593 eudomius

111 2611 224 2692 afferre
251 2633 340 2694 neque
366 2613 524 2672 utilitatem
545 2609 731 2692 (pecunias),
764 2609 815 2669 sed
843 2607 901 2669 hoe
928 2609 1078 2689 posterius
1106 2630 1195 2695 nequa

111 2696 271 2756 utilitatem
300 2693 463 2752 orationem
490 2692 629 2752 variando
652 2691 786 2751 elocutus
813 2701 859 2749 est
884 2711 938 2770 per
956 2710 1048 2774 neque
1065 2695 1195 2753 uranon

112 2795 161 2834 eos
180 2777 271 2833 alunt.
315 2774 464 2834 Utilitates
483 2775 567 2832 alunt
587 2773 605 2831 i.
626 2794 653 2852 q.
676 2783 716 2831 ut.
734 2783 850 2853 augent.
880 2773 1100 2852 Frequentatnr
1139 2774 1194 2835 lnr.

113 2857 258 2916 utilitates
277 2852 328 2935 (de
351 2875 411 2932 qno
431 2855 479 2915 vd.
493 2874 572 2935 supr.
592 2854 627 2913 ad
647 2874 692 2934 ep.
712 2851 759 2935 4.)
785 2852 960 2934 ab'optimis
980 2853 1094 2937 s'cripto
1113 2856 1121 2871 ⁰
1141 2876 1194 2918 us:

112 2933 177 2996 cic.
200 2934 260 2995 Oll'.
283 2937 319 3004 ll,
342 2939 389 2995 25.
411 2938 461 3011 ΙΙΙ,
485 2939 531 2994 10.
564 2936 639 2995 Tae.
659 2935 737 2994 Ann.
757 2934 779 3007 l,
804 2939 851 2993 10.
874 2939 924 2995 58.
960 2935 1068 3010 Quint
1088 2938 1195 3013 lll,⁴,

117 3018 182 3092 14„
211 3037 270 3097 quo
291 3014 366 3098 plur.
389 3016 602 3077 abstracturum
631 3015 758 3075 orationi
787 3015 927 3078 maiorem
953 3017 1014 3078 vim
1035 3018 1196 3081 concilim

72 3104 88 3125 ⁶
113 3100 233 3162 studere
253 3108 325 3159 vett.
347 3101 506 3179 scriptores
529 3097 704 3158 existimavit
723 3095 871 3156 Eckstein.
993 3108 998 3119 '

196 3180 314 3240 laudem
334 3183 451 3239 inanem
476 3191 505 3241 et
530 3177 753 3259 infructuosam]
785 3177 1017 3260 Coniunguntur
1043 3178 1116 3243 alibi
1132 3179 1196 3263 sri-

112 3261 200 3338 gidus
221 3272 252 3321 et
269 3264 374 3321 inanis.
395 3261 442 3321 ud.
463 3260 584 3321 llerlrst.
605 3261 639 3320 ad
662 3260 767 3335 Quint.
788 3261 827 3335 X,
848 3267 879 3337 2,
904 3267 952 3322 17.

196 3362 284 3402 aures
304 3353 373 3402 tuae
392 3375 430 3388 -
452 3340 608 3426 respuant]
647 3340 769 3422 Saepius
799 3340 908 3423 legitur
934 3362 979 3424 ap.
1007 3339 1195 3407 Ciceronem.

80 3425 85 3432 ’
114 3421 230 3484 Partitt.
247 3443 289 3481 nr.
307 3428 335 3482 5.
356 3424 433 3508 quod
447 3425 614 3485 auditorum
630 3443 718 3484 autres
733 3434 885 3507 respuunt,
907 3426 1123 3487 immutandum
1143 3434 1194 3487 est.

3 3574 12 3596 .
116 3503 170 3566 Or.
191 3525 235 3584 pr.
256 3503 352 3564 Plane.
375 3510 421 3565 17.
442 3528 486 3588 pr.
506 3504 580 3566 Sall.
599 3511 648 3566 2⁵.
669 3502 775 3581 Quint.
796 3506 848 3581 Xl,
872 3509 898 3574 1,
921 3511 969 3566 61.
1007 3507 1055 3568 De
1075 3507 1195 3569 creben-

113 3584 192 3646 rimo
213 3608 269 3645 usu
289 3607 354 3647 voc.
376 3591 459 3648 auris
478 3608 521 3668 ap.
537 3587 612 3660 ,Tan
631 3586 679 3646 vd.
699 3582 845 3646 Boetticlr.
863 3586 933 3647 Lex.
954 3609 978 3648 s.
999 3609 1029 3647 r.

195 3671 242 3736 eui
261 3668 332 3728 buno
352 3666 413 3750 est]
441 3668 473 3727 L.
495 3666 614 3728 Cassius
634 3666 786 3749 Longinus
807 3666 876 3727 triln
896 3667 935 3749 pl.
959 3673 1028 3729 617.
1048 3670 1087 3728 U.
1108 3665 1145 3731 C.
1164 3676 1196 3729 et

112 3747 219 3808 tonsol
241 3769 306 3809 curn
329 3747 362 3809 C.
383 3749 575 3824 Merionen,
597 3769 724 3809 summae
743 3748 791 3807 vir
804 3748 979 3826 severitatis,
1001 3769 1088 3831 quem
1104 3768 1195 3830 quee-

116 3827 238 3889 sitorem
262 3850 293 3889 ac
316 3831 440 3892 indicem
460 3828 612 3912 fugiebant
631 3841 717 3909 atque
738 3828 898 3891 horrebant
916 3830 957 3907 ii,
985 3830 1092 3913 quibus
1114 3830 1196 3913 peri·

114 3909 213 3969 culum
241 3917 410 3987 creabatur,
439 3912 556 3992 quoties
588 3911 738 3991 quaesitor
764 3911 863 3972 indicii
889 3911 1011 3973 alicuius
1033 3923 1134 3989 esset,
1161 3911 1194 3973 iu

111 4009 174 4129 qpo
196 4004 387 4069 quaereretur
406 3994 442 4053 de
460 3992 580 4058 homine
601 3992 719 4066 occiso,
740 3992 878 4054 suadebat
897 4006 984 4075 atque
1004 3993 1091 4054 etiam
1108 4012 1195 4075 prae·

145 4081 175 4130 at
196 4069 360 4149 indicibus,
388 4084 424 4134 ut
447 4084 656 4155 quaereretur,
685 4077 732 4134 mi
759 4075 831 4135 bono
858 4074 965 4136 suisset
990 4075 1089 4157 perire
1114 4095 1194 4152 mm,

112 4151 255 4215 necuim
282 4165 599 4238 morte-quaereretur.
638 4156 705 4222 Hoe
734 4154 845 4219 dictum
871 4154 1043 4220 &sunum
1064 4174 1199 4243 eamme--
