2654 4650
435 314 439 323 ·
492 278 569 363 cop.
593 244 744 343 xrrrc'
1084 286 1144 345 ιιι

62 432 177 506 cendi.
229 432 286 507 Sic
311 432 430 505 Catoni
455 433 527 506 seni
561 448 772 535 comparatus
807 433 843 509 C.
871 434 1044 508 Gracchus
1074 434 1174 538 ple--

10 626 12 635 ·
63 608 228 691 multisque
248 610 365 691 scriptis
386 609 548 692 praestitit,
569 621 604 669 ut
623 631 640 671 a
661 611 780 671 summis
796 613 997 672 Romanorum
1017 609 1146 692 scripto-

10 714 34 747 ·.
61 690 166 767 ribus,
195 692 277 752 uelut
304 714 320 752 a
350 690 509 769 Cicerone,
537 691 639 767 Livio,
666 692 861 768 Quintiliano,
886 692 950 751 iure
976 713 1009 751 ae
1039 694 1145 754 merito

61 770 199 833 laudatus
221 775 349 853 optimus
373 787 490 847 orator,
518 772 646 853 optimus
669 774 845 856 imperator,
875 774 1003 854 optimus
1026 787 1146 835 senator

59 852 225 914 baberetur
243 854 332 934 (Plio.
353 858 390 915 H.
411 856 448 914 N.
470 859 533 927 Vll,
555 853 629 934 27.).
659 857 759 915 Homo
778 878 874 915 novus
901 876 1030 914 summos
1053 857 1145 939 magi-

59 947 176 995 stratus
200 936 340 1016 adeptus,
369 948 553 1016 quaesturam
576 941 656 1007 548,
675 937 848 997 aedilitatem
871 940 956 1011 554„
1000 942 1145 1005 raetorum

52 1021 147 1089 555„
172 1018 355 1077 consulatum
370 1024 450 1093 558,
474 1038 626 1077 censuram
640 1024 721 1094 569,
743 1031 773 1078 et
790 1017 965 1078 fortitudine
978 958 1082 1078 b'ellica
1096 1018 1144 1079 in-

57 1096 178 1181 signis,
209 1099 301 1159 cuius·
314 1099 417 1159 eximia
439 1099 613 1159 documenta
635 1099 725 1158 edidit
753 1100 808 1160 sub
836 1099 926 1159 Fabio
954 1099 1081 1159 Maximo
1108 1102 1145 1163 ad

58 1177 195 1261 Capuam
216 1186 285 1239 5³8.
308 1193 338 1240 et
358 1180 394 1240 ad
406 1182 585 1253 'larentum,
605 1179 743 1241 tribunus
763 1180 887 1241 militum
908 1184 977 1241 545.
1001 1180 1030 1240 in
1046 1181 1145 1244 Sicilia

56 1271 95 1321 et
125 1260 182 1320 sub
212 1259 343 1322 Consule
374 1260 497 1322 Claudio
523 1263 643 1321 Nerone
680 1262 711 1321 in
739 1283 837 1344 pugna
864 1263 899 1321 ad
926 1264 1030 1322 Senam
1061 1267 1143 1341 546,

50 1354 169 1425 :postea
196 1342 228 1402 in
258 1342 397 1424 hispania
425 1343 579 1416 citeriore,
615 1343 693 1403 unde
728 1342 912 1424 triumphans
941 1346 1064 1403 Romam
1093 1366 1145 1406 re-

51 1417 188 1497 «litent
206 1424 317 1507 legatus
342 1424 397 1484 sub
418 1425 465 1483 Μ’.
484 1424 558 1484 Acil.
581 1423 742 1485 Glabrione
762 1426 793 1484 in
822 1445 919 1505 pugna
940 1426 973 1483 ad
996 1425 1144 1486 Thermo·

50 1505 167 1589 pylas,
187 1504 218 1565 iu
241 1527 274 1566 re
294 1506 409 1587 publica
427 1518 547 1565 strenue
571 1517 600 1565 et
620 1505 739 1566 sortiter
762 1528 827 1565 cum
850 1528 952 1589 magna
975 1506 1143 1588 integritate

54 1598 151 1667 atque
180 1586 355 1648 abstinentia
386 1587 514 1670 gerenda
544 1608 659 1645 morum
695 1588 885 1667 antiquorum
912 1588 1144 1665 tenacissimum,

53 1664 197 1729 luxuriae
227 1670 381 1749 omnisque
408 1668 515 1728 saeculi
543 1669 726 1748 corruptelae
753 1670 925 1728 acerrimum
946 1669 1090 1730 vindicem
1112 1683 1143 1731 et

56 1750 196 1832 neglecta
219 1751 402 1832 optimatium
431 1750 523 1832 gratia
548 1749 834 1809 vehementissimum
863 1749 969 1810 civium
998 1751 1141 1835 inmagi-

59 1832 204 1891 ntratibus
225 1832 361 1914 gerendis
383 1831 585 1912 improborum
603 1831 798 1891 adversarium
820 1831 1034 1903 seexlribebat.
1069 1836 1140 1909 (luo

58 1910 171 1973 factum
193 1925 248 1989 est,
269 1925 304 1973 ut
323 1913 354 1973 in
374 1912 688 1973 multoruminvidiam
706 1913 850 1972 etodium
868 1912 1043 1989 incurreret,
1064 1936 1140 1993 quos

61 2006 114 2054 aut
132 1995 198 2075 ipse
218 2005 367 2055 accusaret
389 2008 440 2054 aut
459 2016 475 2053 a
496 1994 602 2074 quibus
621 2007 815 2054 accusaretur,
856 1995 903 2054 De
923 1994 1028 2054 litteris
1044 2008 1141 2057 autem
1174 2057 1178 2067 ,
1276 2008 1281 2016 ’

63 2074 174 2137 latinis
193 2088 252 2136 tam
269 2076 419 2157 praeclare
439 2076 564 2150 meruit,
585 2085 619 2134 ut
638 2076 702 2136 iure
719 2076 903 2155 eloquentiae
920 2078 1068 2137 Romanae
1087 2100 1140 2159 pa-

61 2176 130 2217 rens
156 2158 196 2223 sit
216 2155 375 2218 babendus'.
418 2157 571 2217 Excellens
596 2157 673 2217 euim
695 2157 849 2238 multiplici
870 2158 1002 2218 doctrina
1026 2173 1056 2219 et
1077 2161 1140 2219 sin-

65 2238 156 2321 gulari
192 2238 267 2299 iuris
304 2238 423 2300 scientia
454 2239 617 2319 permultos
644 2239 763 2320 scripsit
795 2239 886 2299 libros
918 2261 1028 2319 eosqne
1075 2263 1140 2302 rae-

65 2319 279 2394 santissimos,
309 2342 435 2401 quorum
462 2321 598 2400 reliquias
626 2332 740 2379 tantum
768 2333 885 2400 praeter
910 2321 1017 2380 librum
1047 2264 1083 2382 de
1106 2344 1140 2383 re

65 2402 171 2462 rustica
200 2402 235 2461 ad
265 2423 320 2461 nos
347 2401 518 2483 pervenisse
553 2422 739 2481 summopere
772 2401 930 2461 dolendum
965 2413 1028 2477 est,
1068 2426 1139 2483 quas

66 2484 131 2544 ratis
155 2483 342 2566 negligenter
361 2483 481 2563 collegit
495 2485 530 2540 Α,
551 2481 627 2540 Lion
648 2482 678 2540 in
701 2480 878 2541 Catonianis.
896 2483 1031 2566 Gotting
1051 2489 1139 2546 1826.

65 2570 108 2641 u,
137 2564 189 2624 dili
212 2566 307 2624 eutius
329 2577 415 2624 oratt.
435 2564 537 2644 fragm.
557 2565 670 2646 Meyer.
692 2585 720 2643 p.
743 2568 826 2622 16-
839 2569 886 2623 92.
930 2565 1008 2623 Sunt
1025 2569 1139 2624 oratio-

64 2662 113 2706 nes
130 2587 255 2726 amplius
280 2652 348 2720 150,
369 2668 440 2726 quas
463 2643 567 2704 Cicero
588 2643 682 2703 adbuc
702 2643 791 2725 legit,
814 2643 850 2702 de
871 2666 904 2703 re
923 2628 1047 2719 instica,
1069 2647 1140 2706 Ori-

59 2732 158 2803 ginurn
180 2727 198 2786 l.
221 2731 284 2803 Vll,
306 2727 342 2786 de
363 2750 395 2787 re
415 2729 554 2799 militari,
575 2726 730 2805 epistolae,
753 2727 922 2806 epistolicae
943 2731 1162 2808 quaestiones„
1191 2751 1202 2783 ·.

61 2808 216 2869 delibaris
235 2809 407 2881 educandis,
437 2828 557 2866 carmen
575 2807 611 2866 de
632 2808 777 2881 moribus,
807 2811 1051 2884 commentarius,
1080 2832 1137 2891 puo

59 2890 194 2950 medetur
203 2888 291 2969 filio,
313 2894 420 2965 seruis,
439 2889 661 2968 familiaribus,
688 2885 940 2970 apophthegmata
960 2900 991 2949 et
1010 2891 1047 2948 de
1066 2913 1139 2951 ora-

57 2980 131 3031 tore.
173 2972 319 3055 Egregius
335 2970 418 3030 locus
437 2971 472 3030 de
488 2969 620 3030 laudibus
636 2968 757 3030 Catonis
773 2982 819 3030 est
839 2971 901 3031 Liv.
925 2972 1064 3047 XXXIX,
1087 2976 1138 3033 40.

57 3050 167 3128 Quint.
186 3056 250 3128 Xll,
274 3058 322 3127 11,
347 3059 396 3112 23.
437 3053 480 3112 Μ.
504 3050 658 3112 Censorius
686 3051 779 3125 Cato,
808 3051 885 3111 idem
909 3061 1030 3126 orator,
1058 3053 1137 3113 idem
1207 3079 1208 3082 ¹

55 3134 201 3194 historiae
225 3134 370 3212 conditor,
392 3132 470 3192 idem
496 3136 579 3207 iuris,
599 3133 790 3200 idemrerum
811 3138 990 3192 rusticarum
1015 3138 1137 3214 peritis-

54 3218 159 3289 simus,
180 3219 258 3274 inter
275 3225 319 3274 tot
335 3235 442 3296 operas
463 3216 596 3289 militiae,
618 3223 720 3272 tantas
740 3214 822 3273 domi
840 3211 1045 3288 contentiones,
1068 3216 1139 3276 rudi

52 3298 176 3358 sacculo
195 3297 312 3356 litteras
336 3296 471 3357 Graecas
493 3305 594 3355 aetate
615 3299 677 3355 iam
698 3295 848 3355 declinata
868 3295 986 3365 didicit,
1009 3304 1042 3355 ut
1061 3306 1138 3358 esset

53 3378 221 3439 bominibus
241 3378 430 3451 documento,
452 3397 489 3434 ea
507 3398 617 3460 quoque
636 3380 753 3456 percipi
766 3396 870 3458 posse,
892 3396 967 3458 puae
986 3397 1069 3436 senes
1089 3379 1137 3438 di-

53 3460 204 3520 dicissent.
234 3456 294 3520 cic.
317 3459 400 3518 Brut
418 3463 466 3533 17,
489 3463 536 3520 65.
565 3458 687 3517 Catonis
708 3479 773 3516 nero
794 3461 858 3540 quis
875 3468 1041 3517 nostrorum
1064 3482 1136 3519 ora-

52 3551 170 3614 torum,
191 3541 374 3623 quiquidem
395 3558 471 3598 nunc
489 3549 573 3612 sunt,
594 3540 665 3613 legit
684 3549 738 3597 aut
755 3528 1077 3620 quis-norit'omnino?
1105 3550 1136 3599 et

52 3642 140 3706 quem
161 3626 271 3698 virum,
292 3623 325 3681 di
343 3623 430 3680 boni!
457 3624 540 3679 mitto
562 3623 651 3678 civem
672 3629 726 3679 aut
743 3630 910 3680 senatorem
931 3630 985 3679 aut
1004 3624 1135 3702 impera·

52 3714 167 3772 torem‚·
196 3713 342 3763 oratorem
371 3706 447 3761 enim
475 3703 531 3760 boe
552 3703 824 3781 locosquaerimus:
854 3704 918 3783 quis
944 3703 994 3760 illo
1012 3706 1136 3775 grauior

51 3788 84 3845 in
105 3778 277 3859 laudando,
297 3785 433 3845 acerbior
449 3784 480 3840 in
503 3782 704 3861 vituperando,
727 3785 757 3838 in
771 3785 922 3840 sententiis
935 3777 1080 3858 argutior,
1103 3786 1135 3843 in

52 3867 187 3926 docendo
209 3865 447 3946 edisserendoque
459 3863 617 3922 subtilior?
656 3861 796 3939 Refertae
816 3873 883 3921 sunt
898 3866 1047 3923 orationes
1067 3884 1133 3924 arn-

48 3950 130 4029 pliu's
151 3957 266 4006 centurn
288 3950 507 4030 quinquaginta,
528 3965 602 4026 quas
621 3944 736 4026 quidem
757 3943 856 4003 adbuc
871 3947 1027 4003 invenerim
1048 3955 1077 4004 et
1091 3946 1135 4006 le·

48 4032 206 4104 gerim-et
222 4028 314 4087 verbis
329 4039 358 4088 et
371 4030 458 4087 rebus
471 4026 642 4099 illustribus,
664 4026 733 4083 licet
748 4045 786 4082 ecc
800 4025 846 4084 bis
863 4027 974 4101 eligant
991 4047 1037 4103 ea,
1056 4040 1134 4108 quae

48 4108 206 4171 notatione
228 4119 258 4170 et
277 4109 366 4169 laude
385 4109 476 4184 digna
495 4110 570 4165 sint:
599 4126 698 4165 omnes
724 4110 877 4166 oratoriae
907 4111 1027 4167 virtutes
1045 4111 1076 4168 in
1096 4111 1134 4168 ils

48 4195 243 4277 reperientur.
283 4191 352 4252 Iam
380 4212 447 4252 raro
477 4188 614 4265 Origines
639 4190 702 4247 eius
729 4208 814 4271 quern
836 4188 949 4273 florent
975 4199 1031 4249 aut
1056 4186 1136 4271 guod
