2634 4656
353 226 355 233 Ι
444 246 744 327 sluttere·
1084 261 1147 323 291
1205 270 1214 285 ·-

66 405 186 479 'auara
205 407 330 482 χρῇσθω
348 406 482 482 ὀνομάτων
500 413 579 468 22.-
632 403 775 463 Emicore
792 409 843 467 20.
912 443 915 449 ·
1036 456 1040 463 .

66 485 205 547 Edictum
223 485 401 561 censorium,
423 508 483 567 quo
498 488 584 549 ludus
631 486 679 543 'Er
698 487 1057 563 0001017000,ώοςεῖιο
1081 499 1128 557 18.

108 565 265 626 rhetorum
279 567 450 628 latinorum
468 569 584 630 clausus
630 564 769 705 Enpllage
796 567 932 631 adiectivi
959 576 1016 653 pro
1036 575 1141 637 adver·
1227 608 1229 612 .

109 658 157 709 est
172 653 224 708 35.
355 699 358 709 .
395 686 398 691 .
546 698 549 704 .
691 644 720 704 10
743 652 771 705 7.

66 728 212 789 Educatio
232 728 400 788 liberorum
427 729 504 810 apud
529 750 582 790 an·
628 725 752 787 Enerris
773 739 876 788 orator
898 735 945 791 18.
995 780 1004 794 ,
1112 788 1117 795 ,

106 810 218 888 tiques,
233 811 383 872 Romanos
405 817 455 870 28.
475 816 524 870 29.
625 808 714 868 Enim
731 807 749 866 1.
771 831 798 888 q.
821 832 900 885 nun,
920 833 983 871 nun
1003 812 1083 892 aber,
1103 818 1142 877 ad·

65 888 302 970 Efflareseereet
304 891 420 970 florere
430 892 543 952 eortius.
553 896 580 951 1.
667 886 872 972 disputationis
889 912 1081 974 progressum
1096 899 1138 957 si-

26 983 31 991 '
66 969 222 1048 Effulqere
239 970 274 1031 de
296 976 441 1043 sententia
461 979 525 1036 20..
688 968 919 1031 nifi'candum16.
936 994 993 1033 sec.
1009 989 1138 1039 auttert.

64 1052 193 1128 'Ereipuu
210 1053 290 1125 λόγον
311 1048 359 1094 -’
371 1059 463 1127 μῦθον
485 1057 532 1112 16.
664 989 719 1107 Ele.
740 1049 828 1127 posit.
852 1056 900 1110 30.
931 1058 1007 1114 enim
1032 1068 1064 1118 et
1081 1079 1137 1118 au-

64 1132 207 1207 Egressio
226 1133 290 1192 sive
312 1152 445 1206 egressus
462 1138 508 1192 19.
529 1139 579 1191 22.
665 1139 724 1187 tem
746 1130 860 1190 consus.
881 1138 930 1193 32.

13 1224 19 1235 ’
83 1212 180 1292 :quid
206 1212 369 1277 dissertata
400 1215 579 1288 digressione
623 1207 793 1268 Enitese'ere
815 1218 864 1271 20.

104 1292 230 1373 explica
263 1292 424 1355 Bembina
451 1294 489 1352 ad
515 1292 577 1354 Cic.
623 1282 789 1368 Ephesus(
805 1291 856 1351 ubi
884 1292 1003 1355 scholae
1032 1296 1137 1385 rheto-
1248 1315 1254 1328 ·

84 1374 192 1441 -Βτᾳι
212 1380 264 1446 21,
285 1381 334 1432 82.
356 1374 399 1433 ed.
422 1375 536 1457 Meyer.
635 1380 637 1385 '
664 1392 730 1428 rum
755 1375 800 1430 15.

60 1453 234 1512 Elaborare
253 1451 289 1513 de
309 1474 369 1512 var.
384 1465 532 1515 structura
547 1455 577 1513 h.
623 1449 768 1531 Epicurus
788 1454 837 1510 31.
1128 1504 1132 1509 .
1232 1518 1235 1523 ,

103 1554 134 1593 r.
156 1539 185 1593 6.
211 1534 368 1617 elaborare
386 1546 416 1595 et
438 1535 578 1613 laborare
622 1534 775 1598 Ἐπιδείξεις
801 1541 954 1610 poetarum
982 1547 1013 1596 et
1033 1536 1136 1620 sophi-

99 1613 222 1677 eonius.
242 1620 291 1674 29.
447 1637 452 1647 ·
665 1622 775 1669 starum
796 1617 823 1668 9.

60 1694 152 1767 Elegi
178 1693 197 1752 i.
219 1715 246 1774 q.
273 1694 400 1776 elegiae,
429 1696 577 1769 elegorum
623 1684 881 1769 Epi'grammatum
901 1693 981 1753 lusus
1004 1700 1050 1755 10.
1135 1710 1137 1715 “

102 1776 245 1835 lasciviae
266 1779 314 1837 10.
623 1771 731 1850 Eprius
750 1771 914 1831 Marcellus
934 1778 962 1832 5.
985 1781 1013 1834 8.
1037 1781 1083 1836 13.

59 1854 201 1936 Ellipsis:
222 1860 261 1914 sit
282 1889 321 1902 ·-
341 1868 436 1916 essent
458 1860 484 1914 1.
504 1875 575 1935 pro·
623 1851 773 1930 Equorum
796 1851 897 1911 studia
918 1858 967 1913 29.
997 1862 1064 1938 equi
1081 1878 1135 1918 no·
1241 1873 1249 1884 ⁵

101 1957 182 1996 nom.
199 1936 344 1997 indefiniti
358 1942 387 1997 5.
406 1935 507 2017 partic.
524 1937 578 1996 sed
664 1932 734 1989 biles
754 1954 777 1991 s.
793 1937 931 2006 generosi
950 1940 998 1994 39.

50 2017 55 2023 ’
101 2023 134 2077 8.
165 2022 214 2077 10.
244 2021 289 2076 11.
319 2024 367 2076 37.
404 2017 574 2096 praepositi.
621 2011 780 2092 Equidem:
802 2011 883 2092 apud
891 2016 1076 2096 meequidem
1085 2023 1136 2080 2⁷.
1162 2075 1163 2080 ,

102 2107 174 2178 post
205 2097 322 2177 partire.
342 2097 515 2176 repulativ.
546 2109 576 2156 et
625 2092 702 2166 Ergo
723 2103 753 2153 et
772 2114 826 2167 ego
846 2093 960 2154 consus.
981 2103 1030 2156 32.

62 2203 65 2209 ·
102 2177 277 2251 adversativ.
295 2177 388 2237 altero
407 2177 475 2238 loco
489 2198 575 2257 repe·
621 2173 736 2231 Errare
754 2178 799 2235 10.
822 2194 927 2233 errans
939 2181 1065 2257 populus
1085 2185 1136 2241 36.
1186 2174 1191 2181 ’

64 2280 69 2284 ’
100 2259 183 2323 tend.
206 2264 251 2323 15.
272 2265 321 2318 28.
352 2280 450 2340 praep.
474 2264 505 2318 in
525 2265 574 2321 31.
652 2253 1085 2339 1000101.011001000040.
1154 2277 1181 2307 .-

101 2345 153 2400 32.
174 2344 222 2399 35.
243 2359 408 2419 pronomm.
431 2347 480 2399 32.
533 2338 535 2343 ’
615 2335 717 2417 'Error
737 2335 834 2415 signif.
856 2335 951 2395 ethica
971 2343 1022 2396 29.

56 2421 225 2502 Eloquens,
243 2420 384 2500 ⁸disertus
413 2431 444 2479 et
464 2417 574 2497 sacun-
620 2415 695 2473 Esse
725 2413 743 2471 i.
773 2436 801 2493 q.
828 2415 944 2489 vivere,
973 2416 1085 2476 versari
1106 2425 1134 2478 7.
1173 2486 1176 2493 ,

100 2501 157 2559 dus
176 2500 246 2578 quid
268 2500 405 2560 differant
426 2505 452 2560 1.
660 2497 690 2552 in
718 2494 826 2566 laude,
850 2493 980 2569 fastidio
1004 2508 1059 2555 etc.
1086 2503 1134 2558 18.

55 2581 237 2662 Eloquentia
261 2592 368 2640 saneta
396 2590 426 2638 et
447 2592 574 2654 augusta
639 2618 640 2625 .
662 2581 738 2630 esset
755 2580 786 2630 et
807 2583 851 2631 eal
872 2573 986 2635 consus.
1001 2583 1049 2635 22.
1070 2596 1134 2636 esse

24 2723 27 2731 ,
99 2665 130 2724 4.
151 2663 243 2725 uirilis
263 2671 292 2720 et
312 2665 449 2720 aratoria
468 2660 506 2719 ib.
527 2663 573 2720 lu·
662 2651 796 2711 uideatur
825 2674 842 2713 a
869 2651 964 2714 Cicer.
991 2655 1133 2737 frequen-

98 2762 187 2802 arosa
203 2751 232 2800 et
246 2743 427 2815 sanguineus
444 2745 490 2800 12.
512 2745 574 2801 eius
660 2744 752 2792 talum
772 2739 821 2793 23·
993 2811 996 2814 1
1125 2736 1129 2745 ’

94 2823 264 2905 primordia
293 2833 322 2881 et
339 2825 507 2904 penetralia
532 2822 571 2881 ib.
619 2814 660 2873 El
684 2847 718 2877 -.
748 2835 859 2874 nec-
889 2834 941 2873 nee
966 2822 1016 2876 29.
1047 2828 1077 2877 et
1100 2817 1132 2878 in

99 2905 211 2976 pullus,
223 2900 347 2980 firrma,
359 2901 483 2981 figura,
504 2924 571 2982 spe.
660 2895 829 2954 narrallone
860 2896 1016 2956 1000811010
1051 2898 1131 2976 facit,
1202 2936 1205 2949 .

78 2975 157 3044 'aies
178 2987 224 3043 18.
252 2986 361 3047 itinera
383 2989 429 3042 19.
455 2988 572 3044 sanitas
660 2986 695 3032 ul
715 2976 858 3034 (114·32·
879 2973 1008 3037 illustrat
1027 2991 1058 3038 et
1078 3000 1130 3040 ex·

97 3070 149 3126 23,
169 3068 219 3124 25.
239 3061 358 3141 facies,
386 3085 444 3122 non
471 3068 570 3138 imago
658 3054 814 3134 plicatione
840 3074 884 3112 am
908 3056 996 3118 lifical
1023 3067 1071 3118 20.
1102 3071 1131 3115 el

97 3148 149 3207 34.
170 3148 296 3204 amnium
318 3149 428 3204 artium
449 3144 571 3205 damino
657 3136 752 3194 nullus
774 3141 821 3194 12·
842 3077 904 3193 add·
927 3141 976 3193 28·
1003 3145 1034 3195 έΐ
1057 3158 1130 3217 ‹1¹¹⁰-

91 3231 144 3293 32.
161 3245 217 3306 per
235 3247 372 3284 numeros
389 3227 574 3305 eloquentiae
660 3215 747 3274 '11de
770 3248 807 3261 ··
831 3219 875 3274 ⁸1¹⁶
896 3220 945 3293 36·

95 3311 141 3367 ire
176 3305 215 3365 11).
247 3304 354 3384 frenos
391 3308 570 3387 eloquentiae
615 3299 721 3367 Ἠθική
739 3301 787 3354 30·
939 3350 963 3377 ,v
1048 3370 1057 3387 ·

95 3391 245 3467 imponere
261 3394 356 3447 38.-·
376 3385 569 3466 Eloquentiae
614 3377 717 3435 Ellam
741 3407 777 3421 ··
800 3384 863 3434 lum
884 3393 951 3433 cum
971 3383 1058 3431 110031
1078 3376 1128 3435 33·

95 3467 197 3527 laudes
232 3471 259 3527 5.
296 3465 427 3527 omnium
461 3466 568 3527 artium
614 3458 746 3517 Etiamsi
773 3456 882 3516 rectius
915 3474 1001 3535 quam
1037 3455 1129 3514 etiam
1160 3529 1164 3538 ‚
1223 3472 1228 3481 ·

92 3546 290 3608 difficillimam
306 3568 371 3608 esse
386 3553 434 3607 32.
451 3546 566 3607 deeius
654 3541 683 3595 Si
701 3542 751 3596 23·

96 3639 166 3687 ortu
188 3639 219 3687 et
239 3628 379 3710 dignitate
399 3634 449 3688 36.
494 3659 498 3664 ·
613 3618 682 3677 Etsi
699 3638 756 3676 non
777 3617 1039 3681 -‹ateerte19.,
1082 3636 1088 3647 ’

51 3708 239 3770 Elucttlrrare
265 3711 371 3770 librum
396 3712 423 3766 9.
450 3701 567 3767 consus.
613 3703 739 3759 Edulma
759 3702 809 3756 20·

60 3808 124 3859 ,0.
139 3790 299 3857 lucubrare
319 3790 357 3851 ib.
411 3828 416 3836 ·
452 3824 462 3841 .
508 3829 514 3839 .
612 3779 744 3840 Erehere
759 3775 810 3835 'ad
830 3774 1000 3834 consulatus
1019 3772 1127 3855 poetic.

50 3870 182 3930 Eludere
217 3872 339 3951 proprie
382 3869 492 3930 dictum
517 3869 565 3929 ·de
657 3865 703 3921 13.

39 4012 47 4020 ,
75 3951 318 4035 gladiatoribus,
338 3962 416 4031 trop.
438 3956 468 4013 5.
613 3941 740 4002 Euentus
764 3939 969 4019 prosequitur,
997 3939 1128 4020 sequitur
1241 3941 1251 3953 '

48 4033 185 4093 Elumbis
199 4045 308 4099 orator
330 4037 378 4093 18.
653 4018 767 4118 aliquid
787 4023 815 4077 9.
1119 4050 1128 4058 ·
1180 4039 1182 4045 ·

49 4114 251 4181 Euareten
271 4148 308 4181 -,
325 4115 410 4175 ·rnale
429 4115 479 4175 40.
659 4128 662 4132 ·
