2634 4656
499 256 579 338 cap.
603 257 730 320 xxia
772 284 775 289 ·
1089 264 1152 325 150

71 409 324 509 comparatione
348 411 510 511 Sisennae
536 427 594 484 aut
617 410 781 485 Varronis
802 410 934 502 sordet;
960 411 1020 511 qni
1038 412 1151 488 rheto-

38 617 46 626 -
71 584 122 635 tur
143 581 272 638 uirorum
292 581 449 639 illustrium
466 590 593 657 mortes,
621 581 749 640 Domitii
765 578 838 657 Afri
855 590 883 639 et
903 581 1007 641 Menai
1023 582 1151 658 Servilii,

70 661 124 738 qui
139 664 263 719 summis
283 662 440 722 honoribus
456 673 484 720 et
498 664 592 742 molta
609 664 774 741 eloquentia
788 666 950 736 viguerant,
970 665 1019 721 ille
1035 664 1149 725 oranda

68 759 194 814 causas,
215 743 355 802 Seruilius
375 744 426 802 diu
438 741 528 820 soro,
550 765 620 802 retra¹
640 744 794 806 tradendis
812 744 898 801 relius
913 745 1056 804 Romanis
1071 747 1149 804 cele-

68 819 129 881 bris
151 824 349 897 etelegantia
367 829 460 898 uitae,
481 847 568 907 quam
589 827 743 884 claranum
764 823 881 902 effecit,
901 835 1003 906 utpar
1021 829 1149 904 ingenio,
1168 839 1183 850 '

68 923 184 965 morum
204 905 342 975 dr’rersus.
363 905 468 980 Quint.
490 908 527 979 X,
551 911 578 979 1,
604 913 660 966 102
681 917 711 965 et
734 912 799 966 103.
841 907 919 968 Nam
942 908 1016 965 uriiri
1031 912 1148 982 egregie

68 983 188 1043 dixisse·
201 985 315 1045 ridetur
327 989 467 1046 Seruilios
481 987 644 1060 Nonianus,
661 1008 752 1070 pares
777 1008 826 1047 eos
845 990 941 1061 aragia
955 991 1044 1069 qnam
1064 992 1149 1048 simi.

67 1065 131 1139 ler,
159 1069 257 1147 quiet
276 1071 338 1148 ipse
358 1089 379 1127 a
399 1069 482 1128 nobis
502 1068 622 1129 auditne
645 1079 703 1143 est,
733 1069 807 1128 elati
835 1073 1014 1144 uir-ingenii
1031 1079 1060 1128 et
1080 1071 1147 1133 sen'·

66 1150 168 1205 tentiis
195 1149 314 1222 creber,
352 1149 406 1209 sed
432 1153 527 1209 minus
552 1146 681 1230 pressus
697 1171 786 1231 qoam
812 1151 955 1209 historiae
980 1155 1148 1212 auotoritas

63 1229 203 1309 parturiat.
253 1229 352 1311 Quam
369 1233 490 1311 paulurn
511 1240 613 1290 aetate
636 1232 818 1310 praecedens
842 1253 907 1290 euni
928 1231 1041 1291 Bassus
1061 1231 1147 1312 Arfi.

66 1309 134 1369 dius
153 1314 269 1384 egregie
289 1317 386 1395 utique
406 1316 436 1374 in
456 1313 539 1371 libris
559 1313 629 1370 belli
655 1313 829 1371 Germanici
843 1317 1012 1393 praestitit,
1038 1333 1147 1388 genere

65 1392 129 1468 ipso
151 1391 312 1472 probabilis
331 1398 361 1453 in
380 1394 528 1467 omanus,
547 1394 602 1453 sed
620 1396 651 1451 in
673 1394 847 1475 quidusdam
866 1399 927 1455 sois
949 1398 1010 1475 ipse
1030 1399 1146 1458 uirtuti·

63 1471 116 1547 tur
136 1494 241 1532 minor.

147 1569 306 1652 Sisennae]
328 1572 450 1629 Sisenae
470 1568 545 1632 Cod.
561 1571 649 1631 Vind.
671 1583 743 1632 vett.
764 1572 850 1645 Edd,
872 1572 908 1632 de
918 1570 978 1652 ¹qna
999 1572 1145 1654 scriptura

66 1648 98 1708 in
121 1653 248 1712 nummis
269 1653 416 1712 constanti
444 1664 508 1712 eta
533 1654 653 1713 Graecis
676 1675 794 1733 quoqne
816 1653 943 1713 exhibita
965 1653 1094 1734 (Erotion
1112 1667 1145 1718 et

63 1739 195 1807 Σισενᾶς,
214 1734 247 1792 it.
267 1731 408 1813 Eruimus)
429 1733 465 1794 cl.
487 1733 521 1794 C.
545 1736 577 1793 L.
600 1734 690 1795 Roth.
714 1744 868 1794 comment.
890 1736 927 1794 de
946 1736 1004 1795 viia
1024 1736 1142 1799 Siseni.

63 1836 93 1894 p.
109 1820 157 1885 ³.;
188 1816 330 1874 Sisennae
342 1815 424 1888 vCod-
438 1818 501 1876 Par.
516 1828 546 1875 et
563 1839 628 1876 cum
649 1816 726 1896 lips.
742 1817 819 1883 Edd,
832 1837 902 1896 seqq
934 1818 967 1875 L.
990 1817 1143 1879 Corneliam

65 1896 201 1970 Sisenna,
216 1898 366 1976 petricius,
380 1908 437 1956 nat.
454 1895 632 1957 circatidi.
643 1899 681 1956 U.
697 1895 742 1968 (3.,
755 1909 896 1976 quaestor
911 1897 967 1956 suit
982 1897 1055 1961 circ.
1071 1905 1142 1960 665.
1192 1936 1197 1945 ·

63 1975 140 2056 (quo
157 1999 256 2065 caqsas
271 1979 405 2038 forenses
420 1999 575 2060 aggressus
593 1976 627 2038 C.
645 1978 788 2037 Rutilium
805 1978 960 2060 defendit),
976 1979 1077 2040 ludum
1090 1981 1142 2040 lit-

62 2058 202 2117 terarinm
222 2060 284 2141 egit
304 2081 368 2119 enin
383 2059 546 2118 Hortensio
566 2060 740 2132 ethenllo
760 2060 827 2120 circ.
849 2067 930 2135 666,
949 2073 1069 2141 praetor
1086 2084 1142 2122 ue-

62 2137 156 2198 hanus
175 2151 204 2199 et
218 2141 391 2222 peregrinus
406 2140 462 2199 suit
477 2147 556 2212 676,
577 2140 703 2206 Siciliam
721 2141 900 2220 provinciam
915 2142 1044 2219 obtinuit
1058 2149 1141 2226 677,

61 2220 151 2280 Verri
170 2234 274 2280 contra
289 2221 472 2281 ‘Ciceronem
500 2244 566 2281 eum
586 2223 750 2281 Hortensio
775 2223 972 2302 patrocinatus
992 2229 1140 2299 ese-684,

61 2301 189 2380 densique
209 2302 320 2384 legatus
341 2303 471 2382 Pompeii
486 2315 515 2362 et
531 2305 714 2382 praepositus
730 2303 869 2362 Graeciae
885 2303 915 2362 in
930 2303 1024 2363 insula
1039 2302 1140 2382 Creta,
1190 2374 1194 2383 Δ

60 2381 91 2440 in
114 2405 198 2461 quam
226 2406 293 2443 cum
320 2385 448 2459 exercitu
476 2385 647 2458 traiecerat,
676 2384 753 2442 diem
778 2406 946 2463 supremum
973 2385 1048 2444 obiit
1067 2393 1140 2446 6117.

59 2464 227 2544 Descripsit
247 2464 400 2523 historiam
427 2467 587 2524 Romanam
614 2465 652 2523 ah'
674 2484 751 2522 anno
773 2470 841 2524 664.
869 2486 963 2543 nsque
984 2465 1020 2525 ad
1039 2467 1140 2529 Sullae
1191 2507 1193 2511 <

60 2558 186 2604 mortem
206 2552 279 2611 677.
298 2558 483 2620 contextam,
510 2545 541 2603 in
562 2567 618 2624 mia
640 2545 748 2604 hellam
775 2545 931 2618 Marsicam
957 2545 1097 2620 iuvenis„
1119 2569 1138 2611 a
1160 2617 1162 2623 Ι
1200 2591 1205 2598 =

61 2637 146 2685 sexto
168 2626 245 2686 libro
267 2627 352 2687 civile
377 2627 528 2686 Sullanum
552 2626 652 2685 senior
679 2626 843 2700 enarravit,
869 2627 948 2704 quod
976 2647 1050 2706 opus
1070 2627 1138 2688 sat-

59 2706 168 2766 instins
190 2708 221 2766 in
248 2708 394 2768 historiar.
416 2709 444 2767 ll.
467 2713 502 2766 V.
522 2708 680 2787 usquead
701 2729 724 2766 a.
745 2712 814 2766 690.
842 2708 1029 2768 continuasse
1054 2709 1137 2770 vide·

59 2799 133 2848 tun
155 2790 307 2850 Praeterea
327 2790 447 2870 reliquit
466 2790 691 2849 commentarios
706 2788 922 2848 comoediarum
936 2789 1137 2853 plautinarum

54 2882 91 2943 ,et
110 2869 221 2930 fabulas
242 2872 370 2931 Milesias
396 2872 535 2930 Aristidis
556 2882 675 2954 magno(
689 2892 762 2934 cunr,
775 2870 878 2950 plausu
900 2871 1051 2932 hominnm
1074 2872 1137 2934 ele-

14 2958 21 2973 '
57 2950 226 3032 gantiorum
246 2953 276 3011 in
297 2953 608 3013 Latinnm'convertit.
658 2952 834 3013 Orationem
858 2952 954 3012 nullae
974 2966 1137 3035 supersunt

57 3031 215 3111 reliquiae,
244 3055 298 3094 nec
319 3035 387 3094 satis
409 3047 543 3109 coortat,
566 3056 635 3092 num
653 3034 801 3093 orationes
823 3033 984 3111 reliquerit
1015 3033 1163 3109 'Cicero'

56 3113 127 3172 licet
147 3118 257 3197 magnis
286 3137 353 3174 eum
379 3115 512 3175 laudibus
540 3127 682 3187 exornet,
709 3128 805 3174 tamen
826 3113 858 3172 in
878 3135 915 3174 eo
936 3114 1136 3195 reprehendit,

57 3195 139 3274 qnod
165 3196 262 3256 verbis
291 3197 387 3256 atinus
414 3197 529 3256 usitatis
557 3206 629 3256 nsns
658 3197 705 3255 sit.
731 3197 778 3255 vd.
798 3196 883 3254 Brut.
913 3199 963 3270 74,
984 3202 1053 3255 260.
1082 3200 1133 3272 64,

55 3283 127 3335 228.
148 3297 173 3339 c.
195 3290 308 3357 annott.
331 3280 444 3362 Meyer.
476 3277 629 3356 Inferioris
648 3288 747 3337 autem
767 3280 877 3335 aetatis
896 3287 962 3336 erat
979 3281 1135 3359 prosimos

56 3356 91 3416 L.
112 3357 252 3433 Sisenna,
273 3360 376 3418 doctus
395 3364 439 3418 oir
463 3371 491 3419 et
512 3361 618 3418 studiis
639 3363 756 3439 optimis
777 3358 911 3432 deditus,
934 3359 1004 3439 bene
1024 3358 1134 3419 Latine

54 3439 190 3520 aqueas,
208 3461 322 3514 gnarus
335 3443 556 3522 reipublicae,
585 3464 643 3500 non
663 3445 726 3499 sine
737 3437 874 3518 facetiis:
898 3440 956 3498 sed
975 3460 1065 3521 neque
1085 3443 1132 3500 Ia-

54 3520 134 3578 dora's
162 3520 248 3581 multi
273 3545 324 3582 nee
349 3528 424 3582 satis
451 3535 583 3583 versatus
609 3527 640 3581 in
670 3524 780 3589 eausis;
804 3523 1037 3601 ¹interiectusque
1056 3525 1134 3603 inter

40 3600 131 3671 'duas
149 3607 272 3662 aetates*
285 3605 440 3674 Hortensii
457 3615 486 3664 et
506 3605 631 3684 Sulpicii
650 3623 704 3662 rrae·
729 3605 871 3662 maiorem
898 3605 1032 3682 carnequi
1046 3612 1132 3683 pote·

53 3692 122 3755 rat,
152 3693 182 3742 et
202 3688 310 3743 nrinori
327 3707 440 3745 neeesse
461 3696 528 3745 erat
552 3686 664 3744 eadere.
710 3683 809 3742 Huius
828 3686 920 3743 orneris
934 3681 1072 3759 facultas
1092 3703 1130 3741 eat

51 3763 180 3823 historia
200 3769 291 3845 ipsius
307 3771 436 3848 perspici
451 3777 565 3850 potest:
591 3786 665 3848 quae
691 3787 776 3846 quum
798 3761 895 3840 facile
915 3783 1015 3822 onrnes
1033 3767 1131 3823 oincat

50 3849 229 3924 superiores,
250 3856 312 3906 torn
331 3849 445 3907 indicat
467 3860 576 3919 tamen,
597 3857 738 3928 quantum
759 3845 837 3902 adsit
856 3864 876 3901 a
890 3864 1003 3902 summa
1025 3865 1130 3926 quant·
1180 3859 1182 3865 '

51 3946 106 4008 qrre
124 3929 296 4000 gerasimo
315 3933 484 4009 scriptionis
504 3930 630 3989 rontium
652 3931 690 3986 sit
709 3929 784 3985 satis
799 3925 915 3983 Latinis
936 3926 1042 3984 litteris
1061 3928 1130 3985 illo·

49 4017 189 4066 stratn'm.
210 4009 299 4105 Legg.
323 4013 345 4083 l,
367 4017 394 4069 2.
416 4008 461 4070 Cf.
484 4012 517 4075 L
539 4009 632 4073 Corn.¹
646 4007 793 4104 ‘Sisennae
812 4004 863 4064 vit.
884 4006 1043 4101 conscript.
1062 4029 1083 4102 ².
1093 3991 1136 4068 C..

50 4089 83 4147 L.
106 4089 197 4151 Roth.
219 4091 305 4149 Bastl.
329 4095 415 4151 1834.
436 4096 464 4152 4.
500 4093 603 4154 Kraus.
626 4100 689 4150 vrtt.
708 4099 739 4148 et
760 4086 862 4228 trofini.
884 4099 956 4147 vett.
977 4087 1127 4150 lantonae·

49 4169 218 4252 Romrnrp.
238 4177 342 4232 299-
356 4161 438 4237 3171·
447 4172 573 4235 Ellendt.
595 4169 730 4252 Prologg.
752 4190 781 4250 p.
827 4170 901 4249 laq.
931 4248 935 4255 Ι
971 4211 974 4215 .
1049 4221 1052 4225 ,
1098 4197 1103 4215 ι
