2634 4656
581 224 663 308 Gap.
684 217 760 288 XX.
903 175 905 179 Ι
1147 230 1209 292 135

127 373 260 450 illustre
291 392 324 450 et
357 375 497 475 dignum
529 378 689 453 memoria
713 377 845 468 volunt,
883 379 1092 480 traduntque
1123 382 1207 457 iniri-

129 503 203 549 eem
228 504 268 551 ac
293 505 393 578 saepe
417 477 454 551 in
481 476 628 551 colonias
658 506 696 551 ae
721 478 912 578 provincias
941 507 1020 552 suas
1043 480 1208 571 scribunt,

127 574 198 647 sire
228 602 349 659 sensns
381 575 504 692 aliquis
536 593 653 674 arguta
686 594 718 649 et
749 577 841 650 breri
875 577 1037 651 sententia
1070 577 1207 669 effulsit,
1283 590 1288 599 '

126 673 197 746 sive
230 673 326 748 lorus
351 676 516 775 exquisito
542 694 575 749 et
603 677 733 777 poetico
759 675 850 749 cultu
876 677 1002 750 enituit.
1054 678 1208 776 Erigitur

124 800 241 883 resecare
251 811 355 888 possis.
375 806 729 889 Sientaffirre(vd.l)ial.
741 806 802 888 16.)
817 808 906 885 domo
916 808 1057 870 dicuntur
1071 821 1206 873 oratores

126 887 278 950 orationes
291 911 324 949 sn
337 894 437 949 iorum
457 903 508 950 ant
523 889 555 950 in
574 888 699 966 indicia,
725 889 767 950 sie
782 889 893 970 referre
907 892 1026 951 domam
1045 891 1207 968 auditores,

126 965 180 1049 qui
207 990 312 1030 eoram
339 969 522 1032 orationibus
542 982 667 1032 attentas
695 991 780 1031 aures
808 972 1023 1053 praebuerunt,
1059 986 1094 1034 nt
1122 973 1206 1035 locos

126 1051 346 1133 sententiasque
365 1051 496 1113 illustres
510 1065 541 1114 et
561 1052 662 1135 dignas
683 1052 822 1122 memoria
843 1053 941 1116 animo
961 1053 1064 1131 inlisas
1085 1055 1221 1117 domum¹

124 1143 323 1211 reportarent.
349 1135 395 1195 De
413 1133 563 1216 discipulis
581 1134 613 1195 in
631 1132 739 1195 scholis
755 1135 858 1195 tradita
873 1135 993 1197 domum
1008 1136 1205 1207 referentibus

125 1226 224 1274 exstat
244 1214 349 1291 Quint.
362 1219 400 1291 11,
414 1222 447 1291 2,
460 1223 488 1275 8.
529 1215 597 1297 Ipse
616 1216 742 1298 aliquid,
761 1219 850 1276 immo
871 1220 965 1278 nauita
984 1219 1091 1279 cotidie
1111 1218 1205 1296 dieat,

124 1316 205 1379 quae
224 1317 322 1357 secum
344 1296 496 1357 auditores
516 1295 566 1378 (al.
587 1295 707 1378 audita)
727 1296 889 1384 reserant„

210 1380 388 1462 traduntque
407 1382 528 1439 inuicem
549 1399 587 1439 aa
607 1400 694 1460 saepe
714 1382 744 1437 in
760 1381 892 1440 colonias
912 1385 1121 1464 acprooincias
1133 1403 1205 1443 suas

123 1459 275 1543 scribunt]
301 1460 494 1543 Traduntque
516 1463 635 1520 inuicem
663 1460 681 1519 i.
703 1480 727 1520 e.
755 1461 1028 1542 communicantqne
1048 1461 1132 1523 inter.
1153 1486 1204 1537 se,

122 1542 249 1627 ponitur
268 1541 347 1603 enim
365 1563 381 1602 a
400 1541 598 1623 scriptoribus
619 1553 772 1624 argenteae
791 1543 892 1604 aetatis
912 1548 1031 1605 invicem
1050 1566 1107 1626 pro
1128 1548 1205 1605 inter

122 1647 166 1686 se.
186 1623 262 1685 Dial.
282 1628 331 1685 25.
361 1627 483 1683 inuicem
511 1644 543 1682 se
571 1624 805 1683 obtrectaverunt
833 1622 939 1703 (Corn.
966 1625 1040 1706 Nep.
1060 1624 1153 1686 Arist.
1176 1630 1203 1687 1.

122 1709 328 1768 obtrectarunt
359 1709 436 1764 inter
465 1703 521 1786 se).
570 1703 674 1779 Quint.
696 1708 735 1780 V,
769 1709 816 1779 13,
840 1712 888 1787 33.
937 1705 984 1765 At
1000 1708 1075 1766 leaeo
1099 1709 1203 1769 Cicero

119 1808 258 1871 pugnare
280 1790 397 1846 inuicem
419 1786 553 1846 ostendit.
579 1790 602 1858 l,
622 1787 654 1857 4,
678 1791 723 1845 16.
772 1786 854 1867 Quid
880 1787 906 1846 0
928 1797 1017 1870 atque
1039 1789 1070 1848 U
1082 1811 1203 1870 permu-

120 1881 210 1932 tatae
237 1870 383 1929 inuicem?
431 1870 489 1927 lam
517 1867 593 1927 aud
621 1866 685 1926 Liv.
709 1871 758 1940 IX,
787 1873 815 1927 3.
845 1866 969 1950 legitur:
996 1869 1054 1929 His
1080 1874 1203 1938 inuicem

120 1951 306 2013 sermonibus
327 1987 366 2001 -
387 1971 448 2008 noa
468 1889 609 2009 traducta
630 1958 683 2008 ert.
725 1946 770 2009 Cf.
790 1948 901 2025 Krebsl.
915 1949 1076 2029 Antibaris.
1090 1975 1118 2033 p.
1132 1957 1202 2027 27⁷·

121 2068 164 2083 -
187 2034 290 2108 Quum
318 2033 412 2092 Roma
436 2029 591 2111 praecipua
620 2027 786 2091 studiorum
815 2031 899 2091 sedes
920 2052 953 2093 ac
981 2031 1119 2115 magistra
1146 2030 1202 2094 snb

121 2112 353 2195 imperatoribus
374 2125 469 2187 esset,
497 2110 618 2171 invenes
640 2110 709 2172 illuc
731 2132 748 2172 e
769 2111 893 2173 coloniis
913 2135 951 2195 ae*
965 2114 1210 2195 provinciis,‘nt,

120 2194 230 2257 litteris
245 2207 275 2255 et
292 2193 475 2273 eloquentiae
490 2192 676 2274 potissimum
694 2216 784 2274 quum
801 2194 833 2254 in
848 2193 956 2255 scholis
968 2194 1121 2259 rhetorum
1138 2208 1202 2257 tum

120 2289 258 2339 oratores
279 2274 374 2336 claros
395 2274 427 2334 in
446 2275 544 2335 iorum
573 2275 707 2351 assectati
736 2297 754 2335 o
777 2297 854 2336 eram
883 2277 1004 2353 darent,
1031 2277 1201 2358 frequentes

119 2357 351 2430 confluxerunt,
372 2355 441 2436 qni,
462 2355 488 2417 si
508 2354 578 2436 qnid
598 2359 710 2418 Romae
732 2298 846 2417 illirstre
870 2369 900 2417 et
920 2358 1059 2418 memoria
1080 2358 1201 2441 dignum

120 2439 287 2514 evenisset,
318 2438 352 2498 ad
374 2458 444 2497 snos
466 2437 638 2498 scriberent.
689 2439 850 2513 Quomodo
879 2459 927 2505 res
953 2439 986 2498 in
1006 2438 1080 2498 urbe
1101 2449 1208 2521 gestae

119 2543 177 2604 per
197 2526 271 2582 Aeta
291 2520 394 2579 diurna
414 2518 445 2579 in
464 2519 630 2601 provincias
650 2517 711 2578 sint
730 2518 912 2600 divulgatae,
934 2519 1149 2602 explanabimus
1164 2521 1201 2582 ad

119 2602 198 2665 Dial.
219 2608 267 2663 37.
299 2600 345 2662 Cf.
368 2601 589 2680 Westermann.
613 2600 650 2659 G.
671 2600 698 2659 d.
721 2623 745 2658 r.
764 2600 799 2659 B.
819 2599 848 2681 ᾖ.
870 2606 918 2659 78.

204 2688 265 2744 sive
289 2704 389 2743 sensus
418 2683 524 2766 aliquis
553 2691 663 2756 arguta
691 2692 720 2741 ct
747 2681 828 2757 breui
852 2684 998 2741 sententia
1023 2679 1133 2761 effulsit
1158 2716 1199 2731 -

118 2763 242 2847 enituit]
270 2765 330 2825 Pro
358 2777 497 2845 corrupta
527 2763 592 2823 lect.
621 2760 714 2823 Codd.
742 2775 772 2821 et
791 2761 874 2822 mult.
901 2762 976 2823 Edd.
1006 2767 1067 2824 siae
1087 2768 1118 2823 in
1136 2769 1198 2826 suis

118 2847 267 2930 egregiam
302 2840 456 2907 emendat.
479 2847 586 2905 lllnret.
620 2848 680 2903 sive
717 2865 819 2906 sensus
846 2843 999 2925 probatam
1028 2844 1138 2907 Acidal.
1167 2857 1199 2907 et

117 2928 301 2991 Freinshem.
326 2937 503 3007 receperunt
523 2928 685 2985 Heumann.
713 2925 829 2986 Sebula.
853 2925 955 2986 Oberl.
978 2947 1059 3007 seqq.
1081 2940 1199 3009 praeter

118 3009 246 3073 Seebod.
266 3009 320 3069 Ed.
338 3010 372 3067 ll.
385 3011 444 3067 sive
462 3011 498 3066 iis
518 3025 619 3066 sensus
639 3005 834 3085 exhibentem.
858 3006 935 3087 Dial.
952 3013 1000 3068 21.
1017 3015 1067 3068 22.
1083 3015 1131 3069 23.
1147 3015 1197 3071 32.

118 3093 166 3155 De
187 3103 315 3171 utroque
343 3109 409 3150 voc.
451 3087 487 3149 el.
510 3088 614 3165 Quint.
635 3091 712 3163 Vlll,
733 3094 764 3163 5,
788 3093 803 3149 1
826 3109 870 3168 sq.
915 3090 1097 3149 Sententiam
1118 3101 1195 3149 oete-

117 3195 185 3250 res,
212 3172 293 3254 qrcod
317 3175 417 3231 animo
450 3174 621 3243 sensissent,
651 3179 830 3229 uocauerunt.
873 3168 912 3229 Id
936 3192 1021 3251 quum
1052 3180 1096 3230 est
1116 3192 1135 3230 a
1156 3172 1197 3231 ud
1263 3211 1267 3216 -

115 3265 255 3317 oratores
266 3250 318 3331 fre
337 3255 551 3325 uentis-simum,
575 3260 636 3310 tum
657 3254 748 3310 etiarn
763 3254 793 3310 in
810 3271 863 3309 usu
878 3250 1027 3311 cotidiano
1048 3273 1123 3333 quas
1145 3273 1194 3312 aar

115 3335 296 3420 reliquiaslr
337 3344 374 3393 et.
413 3332 493 3393 Nam
515 3343 543 3393 et
562 3335 692 3392 iuraturi
719 3352 757 3391 ea
777 3335 871 3391 animi
888 3335 984 3392 nostri
1000 3339 1147 3395 sententia
1166 3345 1196 3395 et

113 3418 303 3495 gratulantes
323 3430 369 3475 eu
381 3417 526 3473 sententia
548 3414 680 3473 dicimus.
728 3412 797 3474 Non
817 3433 889 3473 raro
917 3425 1017 3474 tamen
1037 3425 1066 3475 et
1084 3420 1129 3476 sia
1149 3417 1193 3477 io-

116 3503 212 3560 cute's
273 3541 282 3572 ,
313 3507 346 3556 ut
366 3516 454 3555 sensa
471 3516 528 3556 sua
555 3495 700 3554 dicerent:
730 3514 800 3554 nam
827 3515 928 3555 sensus
955 3501 1085 3579 corporis
1114 3498 1193 3558 uide-

116 3582 233 3643 bantur.
274 3577 337 3638 Sed
353 3577 529 3638 consuetudo
550 3580 612 3636 iam
632 3579 740 3652 tenuit,
763 3585 794 3634 ut
815 3587 910 3636 mente
930 3589 1073 3660 concepta
1091 3599 1193 3638 sensus

115 3682 297 3732 vocaremus,
319 3660 430 3718 Iumina
448 3670 547 3717 autem
561 3661 776 3740 praecipueque
795 3660 825 3717 in
847 3660 987 3718 clausulis
1006 3663 1107 3742 posita
1124 3680 1192 3719 sen-

113 3748 233 3806 tentias.
276 3741 361 3822 Quae
388 3744 483 3799 minus
501 3740 605 3801 crebra
627 3740 709 3820 apud
730 3743 865 3823 antiquos
885 3743 992 3799 uostris
1014 3741 1193 3821 temporibus

114 3825 204 3891 modo
225 3831 337 3883 carent.
377 3822 504 3905 Ideoque
524 3822 598 3880 mita
614 3830 641 3879 et
663 3820 699 3879 de
714 3822 870 3897 generibus
891 3841 994 3881 earum
1024 3831 1052 3881 et
1074 3822 1110 3882 de
1137 3845 1191 3883 usu

113 3907 248 3975 arbitror
258 3923 358 3988 pauca
378 3903 509 3963 dicenda.
539 3900 659 3962 Herbst.
680 3902 715 3961 ad
734 3903 773 3977 X,
788 3909 818 3978 2,
837 3906 887 3977 17,
908 3902 980 3964 adde
994 3902 1056 3978 Xll,
1074 3908 1123 3979 10,
1139 3907 1191 3966 48.

113 3987 191 4049 Vell.
219 3989 282 4047 Pat.
311 3989 348 4059 ll,
377 3990 404 4043 9.
452 3985 531 4044 Sane
560 4006 615 4045 non
644 3987 815 4059 ignoramus
841 3984 945 4045 eadem
972 3995 1074 4066 aetate
1093 3985 1191 4064 fuisse

112 4070 191 4130 Pom
212 4071 310 4128 onium
329 4066 460 4124 sensibus
479 4065 628 4125 celebrem.
675 4064 844 4146 Ptinapp.
864 4069 901 4142 ll,
923 4073 953 4141 3,
973 4073 1001 4128 2.
1019 4088 1122 4139 ,cerasus
1142 4073 1195 4134 rc-{

114 4172 150 4213 cn
198 4154 229 4211 ‘u'
257 4147 412 4211 occursant
438 4145 491 4208 ubi
521 4170 547 4208 v.
570 4145 681 4229 (lierig.
709 4148 779 4219 Ero.
807 4147 876 4210 Les.
900 4148 999 4209 teebn.
1028 4149 1090 4211 Lat.
1118 4170 1141 4208 s.
1161 4171 1190 4215 v.
1251 4230 1277 4246 ·.
