2634 4656
498 255 576 340 Cap.
599 255 726 326 XXIII.
817 285 826 320 t
1095 267 1156 329 tet

74 427 165 484 tatus
191 410 302 485 rettuli
327 428 358 485 et
384 407 479 511 plura
507 411 625 500 omisi,
655 436 741 511 qnae
763 426 873 484 tamen
899 413 970 486 sola
996 414 1160 493 miramur

28 575 38 589 „
75 527 176 609 atque
202 511 390 612 exprimunt
418 512 464 600 ii,
492 513 608 618 quise
636 511 791 610 antiquos
823 529 972 585 oratores
1003 516 1156 591 vocitant.

74 608 248 682 Neminem
279 608 460 682 nominabo
493 639 600 706 genus
633 610 803 683 bominum
834 610 1040 707 significasse
1075 637 1156 688 con·

74 724 204 782 tentus:
226 707 288 781 secl
312 709 407 782 vobis
430 711 544 808 utique
568 725 742 783 versantur
764 725 838 781 ante
858 709 972 785 oculus
999 711 1073 802 isti,
1097 715 1156 815 qni

72 807 240 880 Lucilium
258 835 321 907 pro
347 808 486 879 Horatio
507 826 538 880 et
553 810 743 882 Lucretium
768 836 831 909 pro
855 809 996 906 Virgilio
1022 809 1156 910 legunt3

74 996 108 1041 se
128 975 236 1035 babere
256 976 361 1051 docet,
382 973 448 1055 quia
469 975 551 1056 Aper
571 995 603 1036 se
624 975 795 1037 ablessalla
814 975 849 1036 ad
870 974 1044 1041 Ciceronem
1066 981 1156 1044 alios·

32 1090 38 1095 ·
93 1078 132 1116 ue
161 1057 297 1136 antiquos
324 1056 583 1136 reprehendendos
613 1057 777 1118 lacessitum
808 1079 873 1131 esse
896 1061 1086 1139 profiteatur:
1113 1064 1157 1126 sie

73 1078 136 1198 bic.
155 1139 231 1218 Epp.
250 1139 285 1198 ad
306 1136 397 1201 Attic.
416 1140 494 1210 VIII,
518 1143 565 1198 11.
592 1139 667 1198 boec
694 1160 714 1198 a
740 1151 769 1199 tc
790 1143 929 1200 inuitatus
956 1142 1081 1205 breuiter
1098 1168 1155 1206 aa·
1184 1187 1187 1193 ·

69 1222 163 1302 postu.
208 1219 311 1299 Neque
331 1231 427 1278 tamen
448 1219 631 1279 infitiandum
653 1232 715 1294 est,
743 1219 939 1281 coniecturam
962 1225 1027 1283 Put.
1051 1231 1156 1289 inuitus

72 1312 219 1381 receptam
240 1319 256 1359 a
274 1298 423 1380 plerisque
443 1300 535 1374 Edu„
558 1300 583 1360 si
604 1302 639 1361 ad
660 1314 829 1362 contextum
852 1302 994 1364 orationis
1015 1307 1155 1389 respicia-

72 1403 157 1454 mus,
179 1380 261 1441 valde
282 1380 464 1461 plausibilem
486 1403 569 1456 esse,
591 1405 665 1462 quae
686 1383 906 1443 commendatur
925 1405 1044 1464 quoque
1066 1389 1155 1450 simili

72 1462 188 1523 conius.
208 1484 256 1522 vv.
285 1463 440 1522 laudatum
468 1485 524 1544 pro
552 1466 665 1523 lautum
689 1486 733 1545 ep.
753 1473 821 1539 22,
851 1469 1024 1539 cognitionis
1050 1481 1080 1529 et
1105 1493 1154 1532 cu-
1227 1535 1229 1540 ,

69 1548 247 1618 gitatiorrurn
269 1564 313 1624 cp.
328 1549 388 1617 21,
410 1543 478 1602 inlr.
493 1535 551 1604 boc
566 1566 627 1625 cap.
646 1544 828 1624 significasse
849 1557 879 1604 et
899 1549 1042 1623 signasse,
1062 1573 1154 1630 quum
1260 1571 1264 1579 ‘

22 1700 26 1706 ι
70 1624 182 1684 librarii
201 1624 304 1685 mediis
325 1624 473 1710 vocabulis
495 1625 620 1710 syllabas
636 1626 825 1709 interponere
846 1627 944 1686 autin
964 1628 1000 1689 iis
1016 1632 1155 1697 omittere

69 1705 411 1862 colaphum-signi
431 1785 529 1869 casse]
555 1788 634 1848 Lect.
657 1786 750 1849 Codd.
773 1802 802 1849 et
822 1763 896 1868 icett,
918 1794 991 1856 Edi.
1012 1795 1155 1858 uocabant

69 1868 149 1950 Lips.
180 1866 304 1928 mutavit
331 1867 362 1927 in
395 1880 497 1929 uocant
525 1882 674 1950 receptum
702 1892 819 1951 aseqq.
847 1885 963 1953 praeter
985 1875 1102 1937 Waltb.
1122 1889 1154 1939 et

70 1949 179 2025 Baeb,
200 1949 251 2030 qui
269 1954 397 2011 vocitant
417 1960 452 2009 e‘x
467 1951 579 2010 emend.
596 1950 760 2033 Schulting.
777 1966 807 2012 et
823 1954 1049 2018 Seburzlleiscb.
1067 1980 1153 2039 prae-

70 2030 227 2091 tulerunt(
234 2032 315 2090 Lect.
334 2028 428 2090 Codd.
449 2033 534 2093 Farn.
548 2032 657 2092 Vatiae.
671 2032 854 2112 significasse
871 2052 1047 2120 receperunt
1061 2040 1152 2101 Beklc.

10 2183 13 2192 Ι
69 2113 169 2173 Boett.
191 2111 307 2172 Waltb.
328 2112 416 2172 Bacb.
438 2112 512 2173 ltitt.
532 2116 665 2188 signasse
685 2114 779 2175 Codd.
800 2118 864 2176 Par.
892 2119 976 2180 Vind.
991 2132 1059 2182 cett.
1077 2122 1152 2208 Ede.

153 2219 224 2268 aute
244 2210 342 2269 oculos
369 2213 434 2283 isti,
462 2213 513 2292 qui
530 2211 673 2270 Lucilium
700 2234 755 2293 pro
782 2213 912 2275 Horatio
934 2227 963 2275 et
984 2218 1153 2280 Lucretium

71 2310 130 2370 pro
151 2292 272 2364 Virgilio
300 2289 416 2372 trgum]
436 2295 502 2364 isti,
532 2296 583 2374 qui
608 2290 700 2351 Codd.
722 2294 807 2352 Fara.
830 2299 862 2375 (e
882 2296 978 2357 collat.
999 2299 1166 2380 schram.)

70 2371 181 2430 Vaticc.
203 2372 275 2431 Edd.
297 2371 411 2431 Drouk.
439 2367 531 2432 Orell.
550 2373 634 2447 ,Ritu
661 2377 712 2433 isti
739 2394 796 2432 om.
818 2387 885 2434 cett.
908 2376 1000 2438 Codd.
1027 2392 1057 2439 et
1076 2381 1151 2441 Edrl.
1256 2381 1262 2387 ”

69 2452 117 2512 De
138 2451 195 2513 boc
216 2452 306 2511 nimio
326 2475 426 2512 amore
445 2456 666 2527 Romanorum,
695 2474 756 2533 quo
777 2453 832 2514 sub
854 2458 1080 2536 lmperatoribus
1102 2481 1152 2521 re·
1263 2467 1275 2478 “

70 2533 218 2593 acutiores
233 2535 406 2614 scriptores,
425 2533 579 2615 praecipue
599 2535 846 2614 poetasvetustis
866 2550 1092 2618 postponerem,
1114 2541 1151 2601 cl'.

70 2614 176 2675 Mauso
197 2636 288 2674 verm.
309 2614 454 2683 Abbancll.
476 2638 504 2697 p.
519 2621 558 2674 89
574 2637 618 2695 sq.
638 2627 667 2674 et
682 2627 784 2674 contra
805 2637 870 2675 eum
890 2617 1040 2699 disputans
1059 2622 1151 2682 Wei-
1183 2631 1184 2634 ’
1213 2683 1215 2687 ,

69 2695 163 2755 ebert.
193 2696 228 2755 de
255 2704 348 2775 poett.
369 2699 443 2756 Latt.
466 2695 549 2775 reliq.
572 2718 600 2776 p.
621 2702 680 2756 325
698 2717 742 2776 sq.
769 2697 930 2759 Bernhard.
961 2701 1093 2762 Grundr.
1121 2701 1150 2764 d.
1175 2715 1177 2719 ’

69 2778 158 2838 uum.
178 2776 234 2836 Lit.
254 2800 282 2857 p.
301 2782 368 2836 118.
390 2779 425 2837 de
440 2777 588 2837 Hadriano
607 2800 635 2858 p.
656 2783 722 2838 127.
744 2777 810 2838 coll.
825 2779 969 2860 Spartian.
989 2782 1042 2842 vit.
1059 2783 1150 2847 Hadr.

73 2863 121 2917 16.
158 2858 281 2920 Amavit
304 2869 465 2940 praetcrea
490 2881 583 2932 genus
609 2859 728 2918 dicendi
750 2869 916 2939 vetustum,
938 2869 1152 2928 controuersias
1246 2879 1249 2885 '

64 2935 257 2998 'declamauit
288 2943 290 2948 ’
316 2939 451 3000 Ciceroni
482 2940 639 3013 Catonern,
678 2943 799 3015 Virgilio
827 2942 971 3020 Ennium,
1006 2947 1149 3008 Sallustio

70 3019 203 3080 Caelium
222 3023 378 3102 praetulit;
402 3021 563 3103 eademque
583 3025 743 3080 iactatione
764 3023 800 3080 de
814 3023 944 3084 Homero
965 3045 1004 3083 ac
1022 3026 1150 3096 Platona
1202 3028 1242 3085 .’

69 3103 216 3161 iudicauit.
244 3136 284 3149 -
336 3102 367 3161 C.
395 3102 528 3161 Lucilius
555 3102 663 3182 eques,
701 3102 792 3162 Laelii
824 3115 853 3163 et
880 3103 1028 3185 Scipionis
1057 3108 1149 3170 Afric.

10 3239 14 3248 ‚
70 3183 140 3242 min.
161 3181 287 3258 amicus,
307 3184 432 3243 Suessae
452 3184 585 3242 Aurrinc.
607 3188 675 3242 606.
691 3184 729 3242 U.
752 3182 785 3243 C.
807 3195 892 3245 natus
911 3197 942 3245 et
962 3199 1051 3248 mort.
1067 3195 1149 3267 6⁵2,

68 3264 190 3346 triginta
209 3263 302 3324 libros
323 3265 475 3324 satirarum
500 3262 848 3340 versibusbexametris,
876 3266 1005 3328 iambicis
1026 3281 1057 3328 et
1082 3281 1149 3330 tro-

69 3344 176 3405 chaicis
193 3344 329 3424 scripsit,
349 3345 380 3405 iu
402 3345 511 3424 quibus
529 3344 603 3404 mira
622 3343 756 3404 libertate
771 3358 874 3423 contra
890 3347 1029 3409 homines
1040 3360 1150 3431 poten·-¹

68 3438 115 3486 tes
135 3425 218 3485 urbis
239 3448 312 3486 usus
333 3428 424 3507 magis
445 3426 504 3485 sale
526 3438 556 3487 et
575 3425 730 3485 acerbitate
756 3448 841 3506 quam
861 3441 924 3489 arte
942 3451 976 3490 ac
994 3444 1149 3495 venustate

68 3506 269 3590 praecellebat.
314 3508 412 3581 Quem
434 3507 535 3586 quanti
553 3505 678 3567 Romani
699 3527 760 3580 non
780 3507 875 3568 solum
892 3531 971 3584 suae,
993 3513 1149 3575 sedetiam

68 3577 245 3671 posterioris
267 3589 369 3647 aetatis
396 3587 575 3648 aestimarint
600 3586 776 3668 intelligitur
799 3610 834 3648 er
855 3588 883 3649 b.
905 3591 923 3648 l.
946 3592 1029 3651 Suet.
1050 3593 1086 3652 de
1106 3593 1147 3654 ill.

68 3693 189 3753 gramm.
211 3677 238 3729 2.
251 3737 252 3740 ¹
267 3666 372 3744 Quint.
391 3670 431 3743 X,
455 3674 482 3743 I,
505 3674 543 3727 93
565 3679 595 3727 et
616 3669 664 3728 94.
705 3669 811 3727 Satira
826 3670 940 3751 quidem
962 3681 1027 3731 totu
1045 3686 1148 3734 nostra

64 3762 131 3834 ¹cst,
153 3755 183 3810 in
202 3772 261 3833 qua
277 3756 390 3833 primus
411 3753 552 3824 insignem
572 3749 690 3809 laudem
708 3749 833 3829 adeptus
851 3750 984 3810 lucIIius
1005 3755 1149 3835 quosdam

68 3835 114 3892 ita
143 3833 257 3891 deditos
280 3833 339 3890 sili
363 3832 461 3890 adbuc
482 3830 571 3889 babet
597 3840 767 3904 ornatores,
796 3841 829 3890 ut
855 3852 921 3889 eum
941 3854 997 3893 nou
1017 3836 1146 3898 ciusdem

69 3914 156 3974 morlo
178 3917 274 3995 operis
295 3914 479 3987 auctoribus,
506 3911 561 3971 scd
580 3911 712 3969 omnibus·
729 3915 824 3989 poetis
841 3912 995 3992 praeferre
1013 3937 1069 3976 nou
1089 3918 1146 3978 tlu-

52 3995 168 4055 'biteuu
210 3994 275 4069 Ego
303 4004 442 4076 quantum
470 3992 509 4050 ab
536 3993 611 4067 illis,
638 4001 754 4051 tantum
782 3993 821 4051 ab
840 3993 969 4056 Horatio
997 3995 1148 4075 dissentio,

68 4080 119 4159 qui
142 4077 290 4136 Lucilium
310 4076 410 4156 fluere
434 4075 606 4134 lutulentum
633 4083 662 4131 et
689 4094 751 4132 esse
777 4075 907 4155 aliquid,
939 4076 1018 4158 puotl
1043 4080 1147 4139 tollere

64 4161 171 4237 possis,
191 4165 288 4239 putat.
329 4157 417 4222 Nam,
432 4155 558 4219 eruditio
576 4157 607 4214 iu
627 4175 664 4226 cu
681 4158 759 4214 miro
781 4166 810 4216 et
829 4157 951 4218 libertas
970 4168 1060 4239 atqua
1078 4159 1163 4232 entia,

988 4364 1194 4401 nv.

559 4442 585 4487 l„
