2634 4656
459 301 463 305 ’
489 266 566 348 Cap.
592 268 683 327 XIX.
712 296 734 331 s
1079 260 1139 328 tet

56 438 94 495 et
129 410 321 516 incognita]
360 437 390 494 et
413 422 564 520 ipsorum
592 446 726 520 quoqne
752 437 920 493 oratorum
949 422 1168 520 paucissimi,

56 536 241 622 praecepta
274 519 445 593 rhetorum
480 537 536 592 aut
561 519 839 621 pbilosophorum
863 520 984 620 placita
1017 549 1142 618 cogno-

55 623 186 692 verant.
243 619 288 691 At
330 619 471 691 Hercule
505 619 707 719 pervulgatis
741 620 806 692 iam
842 619 1000 691 omnibus
1035 648 1139 719 quum

57 718 115 791 vix
142 719 179 789 in
204 718 330 804 eortina
351 718 527 818 quisquam
551 719 699 807 assistat,
728 719 809 817 quin
829 717 996 814 elementis
1014 718 1173 791 studio-⁸

144 886 384 968 pbilosophorum
403 887 529 965 placita]
550 886 669 945 Placita
698 891 843 946 maiorum
872 889 940 947 Tac.
963 886 1039 946 Ann.
1060 886 1141 962 XlV,

59 975 112 1029 22.
134 968 311 1028 medicorum
331 966 406 1026 Plin.
430 968 466 1026 H.
488 967 525 1027 N.
544 970 597 1042 lV,
619 975 671 1042 22,
691 976 739 1028 28.
783 969 904 1028 Catonis
919 970 955 1029 de
971 969 1056 1029 olivis
1073 970 1141 1045 XV,

59 1057 94 1127 5,
119 1052 165 1123 6.,
187 1069 246 1128 quo
267 1047 410 1107 vocabulo
432 1045 620 1119 Ciceronem}
650 1050 726 1130 apud
748 1073 834 1128 quem
856 1052 995 1134 leguntur
1015 1053 1142 1127 decreta,

59 1142 234 1211 praecepta,
264 1131 398 1212 dogmata
419 1128 511 1210 phil,
538 1153 625 1191 usum
655 1153 720 1193 esse
746 1132 821 1192 salso
849 1134 968 1214 scripsit
994 1132 1141 1195 Boettich.

56 1213 131 1273 Lex.
153 1213 221 1271 Tac.
241 1234 265 1271 s.
287 1234 315 1271 v.
382 1225 385 1229 ’
1050 1220 1060 1229 “

91 1308 95 1316 ’
145 1310 190 1370 At
208 1307 355 1391 Hercule]
376 1300 450 1369 Dial.
472 1315 520 1370 21.
538 1309 633 1368 Hand.
652 1310 741 1369 Turs.
761 1311 828 1369 vot.
848 1314 876 1370 Ι.-
891 1335 918 1391 p.
940 1314 1025 1372 432:
1048 1313 1140 1373 »Sen-

59 1391 173 1466 tentia,
210 1412 283 1472 quae
320 1391 499 1473 opponitur,
537 1403 636 1470 potest
665 1413 730 1450 cum
767 1393 896 1473 graviori
925 1395 1142 1455 asseveratione

85 1472 200 1533 roserri.
249 1473 349 1548 Quare
378 1484 567 1552 apponuntur
603 1471 743 1531 vocabula
775 1476 845 1552 pol,
876 1474 995 1555 edepol,
1034 1477 1140 1534 hercl.

16 1617 20 1624 ,
60 1495 184 1615 li'acitus
207 1554 259 1614 bac
275 1553 402 1614 dictione
417 1554 513 1613 utitur
534 1553 568 1612 ad
584 1554 810 1613 confirmandam
825 1555 975 1614 veritatem
990 1556 1044 1629 rei,
1068 1578 1141 1636 quae

60 1636 138 1779 gagga
152 1647 210 1778 ppt
229 1657 332 1718 aragne
351 1635 444 1697 videri
466 1633 587 1717 possit«
628 1633 674 1694 Cs.
695 1639 773 1694 Aba.
786 1638 818 1712 Ι,
840 1642 867 1695 3.
891 1641 938 1696 17.
958 1643 1007 1696 26.
1026 1639 1079 1713 ΙΙΙ,
1092 1641 1141 1700 54.

121 1762 132 1795 2

147 1837 234 1897 quum
257 1817 305 1874 vix
332 1817 371 1872 in·
389 1816 504 1872 cortina
532 1819 684 1896 quisquam
709 1813 847 1895 assistat]
878 1814 1001 1873 Cortina
1021 1816 1142 1896 proprie

62 1908 112 1958 est
132 1919 182 1956 vas
205 1896 364 1955 rotundum
386 1905 416 1953 et
436 1915 595 1955 concavum
624 1896 659 1974 ad
679 1895 776 1954 varios
798 1918 887 1970 usus,
915 1908 950 1956 ut
969 1897 1005 1955 ad
1025 1896 1140 1958 colores

61 1978 248 2057 coquendos,
268 1976 303 2036 ad
319 1998 419 2055 aquam
441 1976 644 2056 recipiendam,
665 1976 748 2055 quale
767 1977 913 2057 sculptum
928 1999 992 2038 esse
1007 1977 1037 2036 in
1052 2000 1143 2059 opere

61 2059 224 2143 anaglypta
251 2058 397 2137 tripodem
427 2058 600 2137 Delphicum
625 2071 861 2138 repraesentante
887 2060 917 2118 in
937 2059 1057 2119 Becker.
1077 2061 1141 2133 Au-

64 2153 146 2221 gust.
167 2143 202 2199 Τ.
220 2142 240 2200 l·
262 2139 333 2200 Tab.
355 2141 390 2196 V.
427 2139 464 2198 Ο.
485 2139 618 2199 Mueller.
639 2140 763 2199 llenkm.
785 2141 811 2199 d.
833 2141 880 2199 alt.
900 2142 934 2200 K.
962 2143 998 2200 T.
1020 2144 1040 2200 Ι.
1068 2141 1140 2203 Tab.

55 2223 118 2291 ‘XL
151 2244 196 2281 nr.
216 2225 265 2282 41.
294 2220 445 2280 annotavit
472 2221 559 2280 Bacla.
607 2220 725 2281 Dicitur
752 2223 787 2283 de
815 2223 932 2302 tripode
958 2222 1143 2304 Delphicoa

65 2302 248 2385 virgiden.
269 2305 319 2377 ΙΙΙ,
341 2307 408 2374 92,
437 2303 473 2361 de
494 2301 587 2382 sp'atio
604 2305 683 2362 inter
701 2315 808 2362 terram
826 2316 855 2362 et
874 2303 989 2364 coelum
1009 2305 1044 2364 ab
1064 2306 1141 2366 Eun.

62 2406 111 2466 ap.
129 2387 253 2444 Varron.
267 2385 307 2442 L.
329 2384 362 2441 L.-
382 2383 430 2455 Vl,
449 2390 476 2443 3.
498 2384 598 2443 ltluell.
623 2387 781 2464 (lataeque
799 2384 882 2461 freto
911 2405 986 2443 caea
1007 2384 1141 2447 ‹inerraleo

64 2469 185 2526 cortr‘rra
202 2475 342 2544 receptat.
384 2467 478 2525 Recte
499 2465 578 2544 Lips.
599 2469 742 2523 cortinam
765 2465 909 2524 intellexit
928 2467 964 2526 de
984 2467 1141 2527 subsellio-

63 2569 134 2608 rum
154 2547 234 2606 iuxta
255 2545 381 2607 tribunal
403 2544 489 2617 loeo,
520 2567 580 2626 quo
605 2566 666 2605 non
693 2545 824 2605 advocati
850 2546 963 2621 solum,
994 2548 1046 2607 sed
1067 2549 1141 2608 scri-

63 2626 137 2703 bae,
167 2648 326 2708 praecones
357 2640 443 2706 atque
470 2628 499 2686 id
520 2649 613 2708 genus
643 2648 749 2707 operae
777 2627 910 2686 forenses
933 2628 1142 2690 consistebant.

63 2709 162 2770 Nicol.
184 2708 309 2769 Locnsis
328 2709 475 2794 Epiphyll.
496 2710 548 2783 ΙΙΙ,
566 2715 594 2767 5.
618 2708 728 2788 aceepit
748 2709 784 2768 de
809 2708 963 2769 tribunalis
983 2709 1065 2770 clavo
1087 2711 1140 2771 be-

63 2791 124 2853 mic
148 2789 194 2850 clo
220 2791 415 2861 testudinato;
435 2788 563 2872 ¹longius
585 2789 669 2850 etiam
698 2790 835 2850 arcessita
858 2803 903 2850 est
937 2791 1141 2873 interpretatio

63 2815 206 2953 Scaiger.
233 2873 268 2931 ad
291 2875 375 2930 Varr.
395 2873 428 2930 L.
448 2873 481 2930 L.
505 2874 560 2944 vt,
584 2877 612 2930 3.
651 2872 822 2931 Emendatio
843 2873 946 2933 Ursin.
975 2877 1141 2937 et.Muret.

64 2956 97 3013 in
123 2973 233 3014 corona
260 2953 382 3033 probata
412 2952 594 3012 Gesner.·in
614 2953 767 3012 Thesauro
790 2967 820 3013 et
840 2955 934 3013 Hand.
963 2957 1051 3015 Turs.
1074 2957 1142 3016 Vol.
1212 2968 1234 3017 ’.

63 3036 101 3095 ΙΙ.
131 3057 160 3114 p.
180 3038 249 3094 604.
278 3047 393 3115 recepta
419 3045 464 3094 est
497 3035 532 3094 ab
563 3035 725 3115 Heumann.
752 3035 868 3095 Scbulz.
905 3036 970 3115 Bip.
1009 3036 1142 3098 Oberlin.

66 3115 162 3177 Orctt.
185 3117 261 3196 Rnp.
283 3150 322 3160 -
363 3116 510 3183 Assistcre
528 3127 574 3176 est
594 3116 695 3176 vocab.
714 3117 866 3197 proprium
888 3118 924 3176 de
942 3117 995 3189 iis,
1024 3119 1075 3197 qui
1096 3120 1141 3178 di·
1185 3152 1188 3157 ·

64 3196 201 3259 centibus
222 3197 253 3255 in
274 3197 389 3266 iudiciis
411 3211 528 3278 praesto
550 3209 636 3257 suut:
664 3197 739 3257 Dial.
763 3205 790 3264 6.
812 3205 861 3265 20.
885 3204 932 3260 39.
976 3199 1080 3272 Quint.
1102 3203 1141 3277 ll,

66 3284 118 3352 12,
142 3284 170 3338 6.
190 3279 242 3352 ΙΧ,
262 3284 293 3351 2,
317 3285 364 3338 76.
385 3279 501 3359 Lipsius
525 3278 553 3337 b.
575 3278 593 3337 l.
616 3299 718 3358 parum
738 3290 818 3338 recte
838 3279 873 3338 de
886 3279 1004 3340 asseclis
1027 3294 1056 3341 et
1076 3281 1140 3341 iau-

63 3358 182 3421 toribus
212 3369 362 3418 oratorum
390 3360 511 3440 accipit,
540 3381 595 3439 qua
623 3360 746 3440 signific.
774 3372 869 3420 exstat
894 3361 969 3420 Plin.
991 3363 1065 3443 Epp.
1087 3366 1139 3440 Vl,

65 3447 98 3513 6,
113 3447 142 3502 6.
157 3439 209 3501 ubi
226 3442 272 3500 vd.
288 3441 370 3500 Gier.
401 3442 451 3502 Sic
464 3452 546 3500 stare
567 3442 687 3521 proprie
704 3441 853 3516 dicuntur,
875 3442 926 3521 qui
947 3443 977 3502 in
999 3445 1141 3505 concion-

64 3521 150 3603 cibus
172 3535 302 3603 ‚practer
335 3523 520 3605 magistratus
552 3523 659 3581 adsunt
691 3543 888 3603 coronamque
920 3524 1071 3601 efficiunt,
1107 3537 1144 3586 ut

62 3602 141 3664 bene
163 3603 315 3663 annotavit
333 3607 429 3664 Peter.
449 3605 484 3663 ad
507 3602 568 3663 Cic.
588 3604 672 3661 Brut.
690 3611 741 3677 88,
763 3611 832 3663 289.
1046 3608 1049 3615 ’

134 3698 216 3776 -puin
231 3696 386 3753 ‘clementis
407 3729 444 3740 -
468 3695 594 3752 inrbutus
609 3691 664 3774 sit]
693 3694 803 3752 Mureti
822 3695 1051 3755 emendationem
1074 3698 1142 3778 quiir

62 3774 216 3857 probatam
235 3775 312 3854 Lips.
334 3775 364 3834 in
384 3780 496 3834 annott.
522 3785 698 3853 receperunt
720 3776 825 3834 lleum.
846 3777 917 3834 Era.
938 3777 1021 3836 Brot.
1042 3790 1071 3836 et
1093 3800 1141 3838 re-

64 3869 155 3917 eentt.
178 3877 233 3936 pro
263 3860 312 3938 qrti
337 3857 403 3916 lect.
433 3855 525 3915 Codd.
548 3855 621 3914 Edd.
643 3866 714 3914 vett.
742 3868 771 3916 et
787 3857 869 3937 'Lips.
897 3857 973 3916 Pitlr.
995 3859 1140 3942 llernegg.

64 3939 162 3998 Gron.
178 3938 242 4018 Rip.
258 3937 382 3996 Seebod.
398 3936 511 3997 Dronlt.
531 3937 641 3996 Osann.
655 3940 705 4017 qni
717 3972 754 3981 —
770 3939 897 3997 inclutos
912 3941 1140 4002 tronsitPiclren.

63 4024 92 4078 si
111 4018 424 4102 nonllcidal.*lleum.
472 4018 611 4098 Exempla
637 4017 755 4096 particc.
781 4025 809 4078 si
828 4019 875 4079 vel
895 4025 951 4078 etsi
969 4044 1025 4080 nou
1046 4060 1086 4072 -
1108 4033 1143 4082 al
1169 4044 1178 4065 ⁸

63 4101 111 4160 vel
140 4111 174 4161 at
210 4111 289 4159 certo
320 4101 542 4161 coniuncturum
576 4097 724 4158 Eckstciu.
744 4122 776 4165 ,e
805 4103 872 4160 Tac.
908 4101 978 4162 baec
1012 4103 1141 4187 collegit.

63 4181 209 4243 Distat.
229 4185 258 4241 si
277 4204 333 4242 nou
356 4186 525 4258 universae,
545 4191 580 4240 at
597 4189 700 4260 partes
717 4201 830 4242 corum.
851 4184 953 4243 Germ.
969 4190 1017 4244 33.
1046 4190 1141 4244 sinon
