2634 4656
368 324 371 329 -
423 287 532 374 ὀφ.
557 289 650 353 tax,
674 286 750 353 xx.
827 295 830 298 ⁴
1085 298 1149 361 129

56 441 325 545 exspectandam
348 440 473 515 hebent
489 452 675 530 oratorem,⁸
699 441 780 514 dum
804 438 864 514 illi'
877 439 982 516 libeat
1002 442 1046 519 de
1068 446 1146 548 ipso

56 543 199 639 negotio
224 541 357 629 dicere,
396 540 456 613 sed
482 569 582 643 saepe
606 539 694 614 uitro
730 536 912 613 admonent
945 558 1045 642 atque
1080 547 1147 621 alio

56 640 369 740 transgredientem,
387 656 543 714 revocant
569 656 602 714 et
627 640 785 714 festinare
810 666 847 712 se
872 655 1043 717 testantur.

483 802 729 880 (tamn.

41 936 47 954 ·
163 903 251 1005 Quis
275 933 367 980 nune
392 904 477 979 seret
502 922 668 979 oratorem
694 903 736 976 de
766 902 957 980 infirmitate
981 907 1144 985 valetudi-

58 1001 117 1076 nis
151 1031 232 1077 suae
257 1004 488 1105 praesentem?
524 1003 634 1104 qualia
663 1020 743 1077 sunt
772 1003 843 1077 sere
867 1005 1032 1108 principia
1060 1009 1144 1083 Cor·
1210 1044 1213 1049 ·

58 1171 174 1235 mavult
194 1184 225 1235 et
243 1195 309 1234 aaa.
351 1173 445 1234 Heni.
466 1174 553 1233 Tars.
575 1169 644 1232 Vol.
668 1173 700 1232 ΙΙ.
721 1195 752 1254 p.
773 1176 842 1233 325.
864 1187 1012 1255 comparat
1038 1175 1143 1237 Graec.

54 1250 138 1319 'saite
165 1287 204 1301 ν-
231 1281 256 1315 ee
281 1276 326 1337 sp.
355 1255 446 1336 Sopb.
473 1255 597 1319 Philoct.
623 1276 650 1313 v.
679 1258 767 1315 1321.
821 1254 980 1336 Accipiunt
1008 1267 1143 1339 tempera

57 1332 192 1410 iudices,
234 1335 265 1397 ui
279 1335 407 1413 'arbitrio
427 1336 601 1419 litigantium
622 1335 813 1415 permittunt,
827 1336 829 1341 ’
841 1349 980 1430 quantum
1001 1340 1143 1421 temporis

57 1415 121 1479 sibi
148 1417 185 1480 sd
211 1359 366 1479 iieeudam
394 1440 511 1487 sumere
537 1417 647 1489 veiint,
682 1437 737 1476 nee
766 1436 816 1485 eos
847 1429 922 1477 intra
949 1419 1142 1501 praescriptas

59 1496 151 1559 horas
173 1519 311 1580 perorare
332 1498 442 1559 iubent.
484 1500 531 1558 Ad
562 1497 735 1558 sententiam
764 1496 800 1557 ei.
829 1498 934 1572 Quint.
963 1501 1015 1576 Ν,
1040 1507 1071 1576 5,
1096 1508 1142 1562 10.

58 1580 198 1641 Festinat
218 1585 292 1640 enim
316 1580 407 1639 hedes
436 1580 479 1639 ad
496 1581 530 1640 id
537 1624 546 1653 ,
577 1579 654 1663 quad
669 1582 903 1660 patentissimum
924 1590 986 1653 est,
1017 1594 1046 1642 et
1067 1584 1143 1645 velat

58 1660 223 1736 obligatum
242 1663 388 1742 premissa
412 1672 588 1743 petranum,
616 1665 644 1719 si
672 1671 716 1719 est
742 1663 921 1741 patientior,
948 1667 1059 1730 tacitus
1086 1684 1143 1746 ap-

56 1738 172 1827 'pellau
197 1747 227 1804 si
250 1745 295 1802 ael
320 1754 478 1826 occupatas
501 1746 546 1802 ael
571 1745 601 1800 ia
626 1741 726 1823 alique
751 1751 899 1821 potestate
927 1744 972 1801 eei
997 1747 1088 1806 etiam
1116 1749 1168 1819 si,

60 1825 193 1887 maritas
213 1828 433 1905 incompositus,
454 1845 519 1884 eam
541 1821 842 1903 saeviciastefflagitat.
862 1825 913 1898 w,
936 1827 965 1898 1,
988 1829 1035 1887 72.
1074 1825 1143 1887 Aa.

59 1905 180 1991 quande
201 1916 300 1965 tamen
320 1909 381 1980 ati,
403 1927 458 1964 nee
476 1911 505 1966 si
524 1906 660 1977 velimus,
681 1924 716 1962 ea
738 1903 924 1985 (prooemio)
946 1906 1143 1988 lieet‚qaum

59 1988 154 2048 iudea
182 1999 356 2069 occupatas,
383 2011 471 2068 qaum
499 1997 627 2062 angusta
652 1995 721 2044 suat
747 1995 900 2067 tempera,
930 2009 1019 2069 quam
1047 1992 1144 2066 maier

56 2079 194 2153 potestas
213 2070 251 2128 aii
271 2073 337 2151 ipsa
357 2090 390 2128 re
412 2073 489 2143 ragit
507 2073 640 2150 incipere.

145 2148 309 2233 testantur]
334 2148 452 2210 Testari
465 2149 598 2210 absolate
618 2147 637 2207 i.
659 2170 686 2228 q.
705 2144 867 2209 certissime
885 2146 1049 2224 affirmare,
1069 2170 1143 2246 pro,

60 2229 162 2307 fateri,
188 2244 223 2291 ut
243 2252 305 2307 noa
323 2232 477 2291 statuenda
504 2231 544 2292 sit
565 2253 632 2303 eam
653 2231 817 2289 Heumann.
840 2240 870 2288 et
890 2229 1005 2289 Schulz.
1030 2229 1141 2313 ellipsis

60 2313 134 2373 deas
153 2312 201 2373 vei
220 2312 360 2372 iramiaes.
404 2310 465 2373 Cic.
487 2334 531 2392 pr.
552 2314 667 2372 Muren.
688 2332 733 2391 ep.
755 2316 804 2370 37.
834 2330 888 2384 ega
909 2310 1085 2392 quodfacto
1102 2348 1141 2362 -
1215 2308 1222 2319 ’

62 2416 112 2454 me
131 2394 259 2453 arariam
280 2404 405 2453 oestrum
435 2415 528 2452 causa
542 2391 650 2472 faeere
672 2394 768 2451 clama
795 2403 883 2473 atque
908 2402 1007 2451 testor.
1050 2390 1142 2457 Corn.

61 2474 139 2555 Nep.
164 2474 306 2536 Themist.
329 2491 373 2556 'ep-
392 2478 421 2535 4.
472 2475 680 2537 Themistocles
709 2491 782 2530 artas
802 2473 912 2531 restitit
938 2484 968 2532 et
995 2477 1143 2535 universos

87 2576 158 2617 ares
174 2576 237 2617 esse
256 2554 375 2631 aiebat,
393 2557 540 2638 dispersas
559 2554 726 2614 testabatur
742 2555 888 2635 perituras
910 2587 947 2599 -
970 2552 1021 2627 ubi
1043 2554 1144 2629 Brem.

60 2579 141 2715 iriae
161 2637 315 2720 explicavit
339 2642 463 2697 testari:
494 2636 656 2698 certissime
683 2634 845 2710 affirmare,
873 2633 956 2715 quasi
976 2645 1067 2697 testes
1088 2636 1143 2697 sti-

61 2718 149 2780 eaias
172 2720 216 2780 rei
235 2718 482 2800 locupletissimos
506 2719 594 2779 citare
614 2716 721 2800 possis.

127 2828 197 2912 cap.
219 2832 284 2890 XX.
327 2827 404 2972 {aii
426 2852 501 2891 aune
515 2829 598 2910 seret
614 2862 652 2876 -
669 2825 856 2911 praesentem
864 2825 898 2910 P]
920 2829 1038 2890 Broter.
1051 2827 1145 2911 seret,

63 2912 148 2994 qaod
168 2924 263 2973 exstet
282 2911 313 2971 ia
361 2912 428 2972 odd.
456 2925 486 2972 et
507 2914 562 2972 Ee
581 2912 671 2991 Spin,
689 2910 844 2970 revocavit
864 2931 920 2990 pro
932 2909 1020 2989 serat
1041 2933 1057 2972 a
1077 2915 1144 2974 rue

65 2995 146 3077 (non
164 3015 181 3054 a
200 2994 339 3055 Beroaid.
354 3005 388 3052 ut
408 3016 451 3075 ap.
466 2993 600 3077 Wsith.)
618 3005 718 3052 mutat
739 3003 771 3051 et
788 3011 804 3050 a
821 3012 901 3070 seqq.
916 3004 1037 3072 recept,
1055 3015 1144 3074 quem

65 3085 192 3135 recente
204 3077 299 3134 secati
312 3087 389 3134 sunt.
417 3075 468 3135 Sic
481 3076 584 3136 Senec.
603 3072 767 3135 Contravv.
785 3073 816 3130 L.
833 3076 868 3130 V.
883 3093 1015 3152 prooem.
1030 3097 1058 3154 p.
1074 3079 1146 3134 321.
1222 3068 1230 3082 “

64 3154 133 3237 Bip.
174 3155 250 3236 Quis
270 3160 345 3215 enim
367 3155 467 3235 ferret
492 3156 638 3216 tamiaem
662 3157 699 3215 de
726 3154 894 3235 siphonibus
920 3154 1064 3214 dicentem
1088 3168 1145 3216 ete.

66 3246 110 3307 -,-“
138 3236 320 3318 scripturam
348 3238 517 3297 valitudinis
543 3237 668 3297 oblatam
694 3257 711 3295 a
744 3233 819 3295 eod.
852 3237 936 3293 Fara.
964 3235 1037 3294 Edd.
1064 3236 1144 3316 Spir.

66 3320 138 3381 Pat.
157 3319 224 3379 Ber.
246 3318 309 3378 Alc.
330 3320 403 3378 Ritt.
425 3320 595 3400 praeferant
615 3316 698 3377 alteri
721 3314 895 3374 valetudinis
916 3315 1145 3379 tetenstete.

68 3399 161 3483 Oiiie.
184 3402 208 3474 1,
230 3407 279 3460 27.
301 3399 369 3458 vot.
390 3402 409 3459 Ι.
432 3424 460 3481 p.
481 3407 552 3460 213.
573 3399 648 3460 Lael.
665 3400 694 3459 2.
713 3395 889 3456 Ramshera.
910 3396 938 3478 ξ.
956 3402 1005 3456 81.
1027 3421 1054 3479 p.
1077 3405 1147 3459 231.

67 3481 178 3543 Ritter.
204 3481 240 3540 ad
263 3483 330 3540 Tse
360 3483 438 3540 Arm.
460 3483 481 3554 Ι,
503 3488 549 3557 5.,
580 3501 673 3561 quae,
699 3478 769 3538 iicet
797 3477 829 3536 in
857 3476 920 3536 aliis
943 3477 1030 3539 bonis
1051 3478 1140 3539 cota

67 3561 185 3643 scripte
206 3563 281 3621 Latt.
302 3562 447 3642 scriptura
468 3566 568 3637 salit,
595 3563 626 3620 in
642 3560 712 3620 aliis
734 3561 819 3619 vaiet.
837 3557 1015 3632 inveniatur,
1035 3562 1148 3619 confir-

67 3643 239 3705 metatore
259 3645 362 3702 Horat.
382 3643 470 3703 Satir.
489 3648 526 3718 lt,
546 3651 577 3718 2,
600 3649 648 3702 88.
670 3643 743 3721 Epp.
766 3642 789 3717 Ι,
811 3641 843 3713 4,
867 3645 913 3698 10.
942 3639 1006 3699 iure
1026 3641 1150 3720 probata

68 3737 118 3786 eet
136 3725 280 3805 Heusing.
304 3725 340 3783 ad
354 3722 415 3785 Cic.
438 3725 498 3786 Off.
521 3729 544 3802 Ι,
564 3730 614 3785 21.
634 3723 783 3804 Spalding.
804 3720 840 3780 ad
861 3718 965 3794 Quint.
983 3723 1035 3798 xl,
1054 3728 1082 3799 1,
1100 3728 1149 3784 58.

69 3804 240 3867 033113.ἐὰ
260 3805 334 3865 Diat.
353 3812 422 3865 23.·
542 3852 544 3857 .

70 3882 1153 4042 astitit?itti'iiifiiiitittiti“iiiitt-..tt

69 4054 203 4132 impares
222 3993 378 4124 ageretiurri
384 4059 490 4109 ‘cantra
507 4055 631 4124 ingeniis
647 4007 828 4119 dixerimus,
848 4046 950 4127 qualia
963 4057 1033 4126 sant
1049 4051 1151 4128 piera-

69 4153 126 4214 qae
146 4133 309 4192 Messallae
326 4134 486 4212 prooemia.
528 4133 584 4192 Est
611 4133 686 4189 enim
709 4128 855 4186 aataraiis
874 4125 965 4204 savar
992 4146 1048 4208 pra
1069 4129 1152 4186 labe·

70 4214 220 4293 rutt'bne‚
240 4222 270 4274 et
280 4214 374 4273 iudex
388 4215 544 4289 religiosas
562 4212 751 4273 libentissime
762 4219 923 4290 patratum
944 4209 1047 4281 ηιιάίὶ,
1068 4226 1154 4290 quem
