2634 4656
26 288 28 295 ⁴
112 269 178 336 nte
326 290 330 299 ’
432 262 588 356 Dialogus
609 273 648 335 de
672 227 855 341 oratoribus

112 423 244 522 negotia
268 424 345 499 olim
372 424 634 522 exercerisolita
659 426 725 501 sint
751 426 842 527 quod
870 425 977 498 mains
1004 446 1183 522 argumen-

112 541 183 624 tum
217 543 270 598 est
290 553 389 625 quam
417 524 512 626 qnod
538 555 655 607 causae
681 525 947 614 centumvirales‚
981 553 1067 625 quae
1092 553 1182 598 nune

113 624 257 726 primurn
281 625 433 713 obtinent
457 625 583 713 locum,
617 626 699 712 adeo
726 625 903 725 splendore
930 623 1069 697 aliorum
1093 624 1183 710 iudi:

113 725 240 813 ciorum
261 724 507 812 obruebantur,
532 744 567 799 ut
591 753 698 825 neque
716 725 885 798 Ciceronis
905 752 1013 823 neque
1030 724 1182 815 Caesaris

69 869 87 905 n
112 850 221 923 neque
245 823 340 896 Bruti
364 853 472 925 neque
494 825 595 898 Caelii
611 852 718 924 neque
745 823 846 911 Calvi,
872 852 938 896 non
964 824 1108 922 denique
1132 823 1183 895 nl-

112 920 177 996 lius
201 924 311 1019 magni
338 926 478 997 oratoris
502 924 588 998 liber
610 924 699 1024 apud
725 925 944 998 centumviros
965 923 1073 995 dietus
1094 923 1183 1021 lega·
1215 919 1224 934 ’

113 1038 168 1094 tur
191 1025 333 1124 exeeptis
359 1024 563 1106 orationibus
590 1025 708 1112 Asinii,
732 1051 815 1124 quae
838 1052 900 1127 pro
918 1023 1098 1094 heredibus
1118 1026 1184 1097 Ur-

102 1121 224 1194 biniae
248 1123 492 1213 inscribunturp
511 1124 644 1224 abipso
671 1142 778 1196 tamen
795 1122 945 1207 Pollione
967 1122 1084 1194 mediis
1109 1123 1192 1194 Divi‘

112 1221 255 1319 Augusti
278 1222 483 1329 [emporibus
505 1224 648 1323 habitae,
673 1240 848 1324 postquam
875 1222 973 1316 longa
997 1239 1186 1322 temporum
1230 1278 1234 1287 .

114 1321 209 1420 quies
242 1323 493 1397 etscontinnum
526 1315 646 1424 populi
676 1325 777 1394 otium
815 1339 846 1394 et
880 1320 1012 1394 assidua
1050 1339 1185 1396 senatus

113 1421 331 1521 tranquillitas
361 1438 393 1495 et
418 1425 549 1498 uroximi
571 1423 733 1524 principis
757 1421 930 1522 disciplina
955 1421 1063 1521 ipsam
1101 1450 1186 1522 quo-

114 1544 179 1618 que
205 1520 423 1622 eloquentiam
447 1523 532 1596 sicut
557 1523 665 1596 omnia
683 1522 754 1595 valia
781 1537 961 1623 pacaverat.

91 1716 94 1721 ’
112 1698 246 1759 Potestas
267 1688 410 1781 praetoria
429 1699 524 1760 trihus
545 1699 642 1760 verbis
664 1710 725 1761 erat
739 1699 946 1781 comprehensa
962 1698 1010 1771 do,
1031 1698 1111 1774 dico,
1132 1698 1186 1758 nd-

114 1780 195 1852 ἀίω,
218 1782 265 1841 vd.
280 1780 369 1842 llein.
390 1783 479 1843 Rom.
498 1782 621 1843 Privatr.
643 1793 670 1863 p.
693 1786 760 1844 408.
1193 1794 1196 1798 ’

193 1888 282 1945 solita
303 1883 383 1968 siut]
406 1887 431 1945 E
455 1885 527 1951 Cod.
549 1888 632 1946 Farn.
662 1898 737 1946 teste
755 1883 880 1944 schino.
904 1882 1020 1943 Walth.
1041 1885 1131 1947 Baeh.
1152 1897 1182 1946 et

113 1965 198 2040 Rite,
220 1968 329 2047 quode
347 1967 513 2028 coniectura
532 1964 640 2027 Aridal.
657 1968 710 2027 iam
727 1977 899 2047 ‘receperant
914 1988 977 2025 curn
995 1968 1102 2027 ileum.
1115 1969 1186 2027 Ero.

42 2121 44 2126 Ι
113 2047 229 2108 Broter.
248 2048 435 2130 Bip.Schnln.
452 2050 542 2111 Orell.
559 2061 588 2109 et
610 2053 701 2131 Rupe
728 2052 817 2111 solita
839 2058 905 2107 sunt
924 2048 1048 2110 Seeb'od.
1074 2048 1188 2111 Dronk.¹

117 2128 227 2189 Osann.
248 2130 382 2218 Tuvide
402 2143 500 2190 annot.
524 2131 558 2191 ad
578 2131 652 2190 Dial.
674 2137 721 2190 33.
742 2131 804 2189 inii.

8 2245 9 2253 ’
84 2258 119 2303 '.
196 2254 304 2293 consae
326 2221 639 2316 centumuiralesJVd.
660 2246 759 2293 annot.
778 2234 814 2294 ad
833 2231 907 2296 Dial.
931 2239 958 2292 7.
1005 2225 1013 2241 ”

196 2320 345 2419 splendore
375 2340 498 2398 oliorum
525 2339 698 2398 iudiciorum
728 2326 949 2421 obruebantur]
970 2340 1083 2423 Meyer.
1101 2314 1188 2401 oratt.

6 2480 29 2510 ,l
114 2417 190 2479 Lair.
209 2419 310 2502 fragm.
331 2443 358 2502 p.
380 2411 449 2485 21'4.
472 2419 750 2497 coniecitjllnrnm,
777 2444 816 2482 sc.
839 2443 911 2501 qnae
939 2422 1015 2500 apud
1035 2435 1186 2504 praetores

114 2501 240 2576 fiebant,
267 2503 421 2583 probatum
447 2502 593 2575 Eekstein.
648 2502 777 2562 Obruere
805 2503 823 2561 i.
847 2524 874 2582 q.
901 2502 1057 2563 obscurare
1079 2505 1188 2564 v.Tae.

114 2583 213 2667 Agrie.
236 2589 283 2644 17.
303 2607 327 2645 c.
349 2596 447 2645 annot.
474 2587 549 2666 Rup.
590 2583 630 2644 Et
657 2607 744 2665 quiem
774 2585 897 2644 Cerialis
923 2585 1038 2667 quidem
1067 2588 1188 2651 alteriue

114 2671 291 2728 successoris
314 2680 415 2726 curam
427 2666 600 2748 famamque
623 2667 772 2725 obruisset.
815 2665 874 2726 Cic.
900 2669 987 2726 Tuse.
1010 2671 1047 2741 V,
1071 2673 1119 2741 19,
1141 2673 1188 2731 56.

16 2799 18 2803 .
115 2768 202 2830 quam
224 2749 300 2830 qarod
319 2748 573 2837 Maximinum
602 2749 671 2807 talis
694 2752 748 2807 oiri
769 2753 886 2808 interitu
906 2770 959 2808 sex
980 2770 1049 2824 euos
1069 2750 1189 2814 obruere

116 2829 332 2890 consolatium
354 2835 555 2913 contaminare
576 2840 739 2889 extremum
760 2841 872 2913 tempus
893 2835 1011 2891 aetatis.

149 2935 153 2941 '
200 2930 288 3016 liber]
303 2934 365 2994 ‘Vd
385 2946 484 2995 annot.
504 2934 539 2994 ad
559 2933 635 2994 Dial.
656 2933 684 2997 3.
705 2957 732 3015 p.
755 2939 800 2994 12.

197 3058 271 3121 quae
296 3060 352 3118 pro
388 3037 540 3097 heredibus
567 3039 704 3098 Urbiniae
735 3037 943 3120 inscribuntur]
981 3043 1083 3099 urinae
1116 3035 1190 3102 Cod.

117 3118 201 3177 Farn.
222 3119 345 3179 testibus
365 3118 506 3179 Niebuhr.
534 3131 564 3180 et
585 3120 739 3202 schtunig.
770 3125 868 3180 aroino
899 3122 1031 3181 Schraut.
1071 3123 1191 3182 Urinine

116 3211 184 3260 test.
204 3202 298 3281 Lips.;
329 3201 444 3261 ironiae
465 3200 556 3262 Codd.
576 3204 640 3262 Par.
657 3202 743 3262 Vind.
760 3213 830 3262 vett.
847 3203 919 3262 Edd.
937 3202 1092 3284 (heronioe
1108 3203 1192 3287 niv.)

117 3304 212 3362 usque
239 3284 273 3343 ad
294 3282 390 3363 Lips.‚
420 3283 470 3364 qui
491 3285 652 3344 emendavit
679 3285 817 3344 Urbiniae
846 3285 918 3344 duce
942 3286 1079 3363 Quintil,
1106 3309 1193 3368 quern

119 3362 156 3423 ei.
185 3366 235 3439 Ν,
266 3370 294 3440 1,
325 3370 370 3424 11.
407 3363 472 3445 (ubi
500 3365 645 3450 Spalding.
675 3366 790 3427 dehac
817 3365 871 3426 tite·
893 3366 1013 3427 uberius
1040 3367 1192 3459 exposuit)

119 3446 183 3520 Vll,
205 3453 235 3520 2,
256 3451 283 3507 4.
305 3459 335 3506 et
355 3451 386 3520 ⁵,
409 3453 457 3507 26.
500 3446 648 3518 Clusinius
665 3447 784 3531 Figulus
804 3447 965 3508 vindicabat
984 3449 1194 3513 sibiUrb'inine

26 3571 39 3602 ,.
119 3527 266 3588 cuiusdam
296 3528 499 3601 hereditatem,
529 3527 610 3590 euius
639 3543 771 3590 mortuae
801 3529 892 3589 filium
923 3553 954 3591 se
982 3553 1047 3592 esse
1070 3533 1193 3609 dicebat,

120 3609 306 3690 quiquidem
327 3611 445 3671 iactatus
467 3610 553 3671 variis
573 3611 695 3672 'casibus
725 3612 774 3673 din
803 3632 926 3695 peregre
955 3613 1115 3687 abluisset,
1144 3618 1193 3676 sed

89 3759 97 3771 .
120 3713 199 3770 nune
218 3692 247 3752 in
271 3693 376 3752 ltaliam
403 3715 435 3765 ae
454 3692 573 3774 patriam
602 3715 681 3752 auam
712 3693 859 3775 Marginos
889 3694 1039 3755 redisset(
1072 3697 1191 3759 Asinius
1232 3706 1235 3716 '

119 3774 214 3835 Pollio
231 3784 331 3835 eontra
348 3765 549 3856 patr'onuspro
566 3775 721 3836 heredibus
736 3775 928 3837 contendebat
940 3776 1019 3838 hune
1033 3799 1099 3840 esse
1111 3778 1194 3841 Sosi·
1236 3784 1238 3788 ’

120 3867 235 3938 patrum
258 3879 393 3934 servum,
414 3878 473 3916 noo
494 3879 596 3918 verum
617 3858 719 3933 filiurn.

175 3970 179 3977 '
201 3971 352 4043 postquam
372 3995 415 4008 --
428 3960 639 4045 tranquillitos]
660 3965 705 4023 De
723 3982 829 4047 synon.
848 3956 937 4044 quies,
953 3922 1048 4026 ‘otium
1063 3978 1093 4028 et
1106 3978 1189 4028 tron-

122 4042 307 4122 quillitusef.
331 4043 466 4104 Doederl.
487 4046 548 4105 Lat.
576 4046 648 4189 δὲῃ.
679 4044 743 4103 Vol.
765 4047 785 4103 l.
814 4050 912 4126 p.·79.
936 4046 1045 4125 Eckst.
1069 4050 1104 4111 ad
1125 4048 1190 4110 lul.

114 4123 286 4267 {inemphf
306 4127 374 4187 Tae.
395 4127 549 4210 congessit.
626 4148 642 4188 e
669 4124 814 4188 sententia
840 4127 887 4189 vd.
914 4128 982 4189 Tac.
1012 4133 1091 4193 Ann.
1114 4135 1137 4207 1,
1168 4136 1192 4193 1.

51 4216 56 4227 '
147 4219 226 4283 ish,
288 4230 332 4291 sq.
613 4232 616 4240 ·
