<?xml version="1.0" encoding="UTF-8"?>
<!DOCTYPE html PUBLIC "-//W3C//DTD XHTML 1.0 Transitional//EN"
    "http://www.w3.org/TR/xhtml1/DTD/xhtml1-transitional.dtd">
<html xmlns="http://www.w3.org/1999/xhtml" xml:lang="en" lang="en">
 <head>
  <title>
</title>
<meta http-equiv="Content-Type" content="text/html;charset=utf-8" />
  <meta name='ocr-system' content='tesseract 3.04.00' />
  <meta name='ocr-capabilities' content='ocr_page ocr_carea ocr_par ocr_line ocrx_word'/>
</head>
<body>
  <div class='ocr_page' id='page_1' title='image "./dialogusdeorato00tacigoog_0171.png"; bbox 0 0 2634 4656; ppageno 0'>
   <div class='ocr_carea' id='block_1_1' title="bbox 62 218 856 328">
    <p class='ocr_par' dir='ltr' id='par_1_1' title="bbox 62 218 856 328">
     <span class='ocr_line' id='line_1_1' title="bbox 62 218 856 328; baseline 0.004 -25"><span class='ocrx_word' id='word_1_1' title='bbox 62 243 88 255; x_wconf 79' lang='grc'>’“</span> <span class='ocrx_word' id='word_1_2' title='bbox 115 249 175 306; x_wconf 92' lang='grc'>118</span> <span class='ocrx_word' id='word_1_3' title='bbox 432 244 590 328; x_wconf 76' lang='lat' dir='ltr'>Dialogus</span> <span class='ocrx_word' id='word_1_4' title='bbox 611 218 856 320; x_wconf 56' lang='lat' dir='ltr'>de‘Oratoribne</span> 
     </span>
    </p>
   </div>
   <div class='ocr_carea' id='block_1_2' title="bbox 9 396 1189 601">
    <p class='ocr_par' dir='ltr' id='par_1_2' title="bbox 9 396 1189 601">
     <span class='ocr_line' id='line_1_2' title="bbox 110 396 1188 498; baseline 0.002 -28"><span class='ocrx_word' id='word_1_5' title='bbox 110 398 207 470; x_wconf 89' lang='lat' dir='ltr'>Bruti</span> <span class='ocrx_word' id='word_1_6' title='bbox 229 396 272 469; x_wconf 86' lang='lat' dir='ltr'>ad</span> <span class='ocrx_word' id='word_1_7' title='bbox 298 397 490 471; x_wconf 83' lang='lat' dir='ltr'>Ciceronem</span> <span class='ocrx_word' id='word_1_8' title='bbox 517 398 635 470; x_wconf 86' lang='lat' dir='ltr'>missas</span> <span class='ocrx_word' id='word_1_9' title='bbox 659 397 834 498; x_wconf 70' lang='lat' dir='ltr'>epistolas,</span> <span class='ocrx_word' id='word_1_10' title='bbox 869 425 907 470; x_wconf 83' lang='lat' dir='ltr'>ex</span> <span class='ocrx_word' id='word_1_11' title='bbox 937 397 1064 496; x_wconf 88' lang='lat' dir='ltr'>quibus</span> <span class='ocrx_word' id='word_1_12' title='bbox 1091 398 1188 473; x_wconf 84' lang='lat' dir='ltr'>facile</span> 
     </span>
     <span class='ocr_line' id='line_1_3' title="bbox 9 495 1189 601; baseline 0.003 -33"><span class='ocrx_word' id='word_1_13' title='bbox 9 592 12 601; x_wconf 23' lang='grc' dir='ltr'>ι</span> <span class='ocrx_word' id='word_1_14' title='bbox 112 512 162 569; x_wconf 85' lang='lat' dir='ltr'>est</span> <span class='ocrx_word' id='word_1_15' title='bbox 184 495 452 598; x_wconf 77' lang='lat' dir='ltr'>deprehendere,</span> <span class='ocrx_word' id='word_1_16' title='bbox 488 495 621 570; x_wconf 85' lang='lat' dir='ltr'>Calvum</span> <span class='ocrx_word' id='word_1_17' title='bbox 649 497 785 597; x_wconf 78' lang='lat' dir='ltr'>quidem</span> <span class='ocrx_word' id='word_1_18' title='bbox 817 496 969 569; x_wconf 90' lang='lat' dir='ltr'>Ciceroni</span> <span class='ocrx_word' id='word_1_19' title='bbox 1000 497 1110 569; x_wconf 87' lang='lat' dir='ltr'>visum</span> <span class='ocrx_word' id='word_1_20' title='bbox 1134 525 1189 571; x_wconf 79' lang='lat' dir='ltr'>ex-</span> 
     </span>
    </p>
   </div>
   <div class='ocr_carea' id='block_1_3' title="bbox 47 663 1232 3101">
    <p class='ocr_par' dir='ltr' id='par_1_3' title="bbox 47 663 1232 3101">
     <span class='ocr_line' id='line_1_4' title="bbox 115 663 1187 747; baseline 0.003 -24"><span class='ocrx_word' id='word_1_21' title='bbox 115 665 176 723; x_wconf 90' lang='lat' dir='ltr'>lnd.</span> <span class='ocrx_word' id='word_1_22' title='bbox 206 665 260 725; x_wconf 86' lang='lat' dir='ltr'>Ed.</span> <span class='ocrx_word' id='word_1_23' title='bbox 288 663 406 723; x_wconf 88' lang='lat' dir='ltr'>Waltb.</span> <span class='ocrx_word' id='word_1_24' title='bbox 434 663 502 723; x_wconf 85' lang='lat' dir='ltr'>Vol.</span> <span class='ocrx_word' id='word_1_25' title='bbox 530 666 578 724; x_wconf 80' lang='grc' dir='ltr'><strong>Ν.</strong></span> <span class='ocrx_word' id='word_1_26' title='bbox 611 689 639 747; x_wconf 89' lang='lat' dir='ltr'>p.</span> <span class='ocrx_word' id='word_1_27' title='bbox 669 668 738 726; x_wconf 88' lang='grc'><strong>426.</strong></span> <span class='ocrx_word' id='word_1_28' title='bbox 793 664 966 746; x_wconf 75' lang='lat' dir='ltr'>Exemplum</span> <span class='ocrx_word' id='word_1_29' title='bbox 997 665 1115 727; x_wconf 74' lang='lat' dir='ltr'>mulus.</span> <span class='ocrx_word' id='word_1_30' title='bbox 1141 686 1187 726; x_wconf 78' lang='lat' dir='ltr'>rr.</span> 
     </span>
     <span class='ocr_line' id='line_1_5' title="bbox 115 744 1185 829; baseline 0 -24"><span class='ocrx_word' id='word_1_31' title='bbox 115 746 231 805; x_wconf 78' lang='lat' dir='ltr'>Atticus</span> <span class='ocrx_word' id='word_1_32' title='bbox 258 758 287 806; x_wconf 90' lang='lat' dir='ltr'>et</span> <span class='ocrx_word' id='word_1_33' title='bbox 313 750 448 828; x_wconf 76' lang='lat' dir='ltr'>antiquus</span> <span class='ocrx_word' id='word_1_34' title='bbox 476 744 594 806; x_wconf 84' lang='lat' dir='ltr'>exbibet</span> <span class='ocrx_word' id='word_1_35' title='bbox 621 747 747 806; x_wconf 77' lang='lat' dir='ltr'>Gesner.</span> <span class='ocrx_word' id='word_1_36' title='bbox 776 748 810 806; x_wconf 94' lang='lat' dir='ltr'>ad</span> <span class='ocrx_word' id='word_1_37' title='bbox 840 750 940 829; x_wconf 75' lang='lat' dir='ltr'>Vrget.</span> <span class='ocrx_word' id='word_1_38' title='bbox 962 749 999 807; x_wconf 85' lang='lat' dir='ltr'>R.</span> <span class='ocrx_word' id='word_1_39' title='bbox 1022 749 1058 807; x_wconf 80' lang='lat' dir='ltr'>tt.</span> <span class='ocrx_word' id='word_1_40' title='bbox 1080 749 1118 823; x_wconf 92' lang='lat' dir='ltr'>ll,</span> <span class='ocrx_word' id='word_1_41' title='bbox 1141 752 1185 807; x_wconf 89' lang='grc'><strong>17.</strong></span> 
     </span>
     <span class='ocr_line' id='line_1_6' title="bbox 115 826 1186 907; baseline 0.001 -21"><span class='ocrx_word' id='word_1_42' title='bbox 115 826 157 886; x_wconf 80' lang='lat' dir='ltr'>At</span> <span class='ocrx_word' id='word_1_43' title='bbox 176 827 267 886; x_wconf 89' lang='lat' dir='ltr'>maius</span> <span class='ocrx_word' id='word_1_44' title='bbox 289 827 357 886; x_wconf 88' lang='lat' dir='ltr'>buic</span> <span class='ocrx_word' id='word_1_45' title='bbox 380 826 575 886; x_wconf 88' lang='lat' dir='ltr'>emendationi</span> <span class='ocrx_word' id='word_1_46' title='bbox 601 828 717 907; x_wconf 85' lang='lat' dir='ltr'>pondus</span> <span class='ocrx_word' id='word_1_47' title='bbox 744 826 828 887; x_wconf 86' lang='lat' dir='ltr'>allert</span> <span class='ocrx_word' id='word_1_48' title='bbox 851 828 956 902; x_wconf 87' lang='lat' dir='ltr'>Quint.</span> <span class='ocrx_word' id='word_1_49' title='bbox 977 830 1043 903; x_wconf 80' lang='lat' dir='ltr'>Xtt,</span> <span class='ocrx_word' id='word_1_50' title='bbox 1068 833 1117 903; x_wconf 92' lang='grc'>10,</span> <span class='ocrx_word' id='word_1_51' title='bbox 1142 831 1186 889; x_wconf 85' lang='grc'><strong>14.</strong></span> 
     </span>
     <span class='ocr_line' id='line_1_7' title="bbox 115 908 1189 991; baseline 0 -23"><span class='ocrx_word' id='word_1_52' title='bbox 115 908 279 989; x_wconf 82' lang='lat' dir='ltr'>Praecipue</span> <span class='ocrx_word' id='word_1_53' title='bbox 299 930 365 975; x_wconf 84' lang='lat' dir='ltr'>nero</span> <span class='ocrx_word' id='word_1_54' title='bbox 383 910 552 991; x_wconf 76' lang='lat' dir='ltr'>presserunt</span> <span class='ocrx_word' id='word_1_55' title='bbox 572 930 635 969; x_wconf 90' lang='lat' dir='ltr'>eum</span> <span class='ocrx_word' id='word_1_56' title='bbox 658 910 714 991; x_wconf 82' lang='grc' dir='ltr'><strong>(Μ.</strong></span> <span class='ocrx_word' id='word_1_57' title='bbox 734 908 896 987; x_wconf 90' lang='lat' dir='ltr'>Tullium),</span> <span class='ocrx_word' id='word_1_58' title='bbox 924 913 975 991; x_wconf 75' lang='lat' dir='ltr'>qui</span> <span class='ocrx_word' id='word_1_59' title='bbox 995 909 1093 968; x_wconf 79' lang='lat' dir='ltr'>uideri</span> <span class='ocrx_word' id='word_1_60' title='bbox 1109 908 1189 968; x_wconf 84' lang='lat' dir='ltr'>Aut-</span> 
     </span>
     <span class='ocr_line' id='line_1_8' title="bbox 74 989 1232 1070; baseline 0.004 -25"><span class='ocrx_word' id='word_1_61' title='bbox 74 1040 77 1045; x_wconf 90' lang='lat'>.</span> <span class='ocrx_word' id='word_1_62' title='bbox 114 1011 214 1049; x_wconf 88' lang='lat' dir='ltr'>corum</span> <span class='ocrx_word' id='word_1_63' title='bbox 240 994 406 1048; x_wconf 88' lang='lat' dir='ltr'>imitatores</span> <span class='ocrx_word' id='word_1_64' title='bbox 424 996 639 1070; x_wconf 85' lang='lat' dir='ltr'>concupierant.</span> <span class='ocrx_word' id='word_1_65' title='bbox 683 991 729 1049; x_wconf 81' lang='lat' dir='ltr'>Ex</span> <span class='ocrx_word' id='word_1_66' title='bbox 757 1012 817 1069; x_wconf 89' lang='lat' dir='ltr'>qno</span> <span class='ocrx_word' id='word_1_67' title='bbox 839 990 962 1050; x_wconf 81' lang='lat' dir='ltr'>numero</span> <span class='ocrx_word' id='word_1_68' title='bbox 990 989 1046 1050; x_wconf 81' lang='lat' dir='ltr'>tuit</span> <span class='ocrx_word' id='word_1_69' title='bbox 1066 990 1186 1050; x_wconf 77' lang='lat' dir='ltr'>Asinius</span> <span class='ocrx_word' id='word_1_70' title='bbox 1230 996 1232 1005; x_wconf 92' lang='lat'>&#39;</span> 
     </span>
     <span class='ocr_line' id='line_1_9' title="bbox 114 1070 1186 1152; baseline 0.002 -22"><span class='ocrx_word' id='word_1_71' title='bbox 114 1070 224 1145; x_wconf 87' lang='lat' dir='ltr'>Pollio,</span> <span class='ocrx_word' id='word_1_72' title='bbox 245 1070 396 1130; x_wconf 78' lang='lat' dir='ltr'>Ciceronis</span> <span class='ocrx_word' id='word_1_73' title='bbox 417 1070 609 1145; x_wconf 89' lang='lat' dir='ltr'>obtrectator,</span> <span class='ocrx_word' id='word_1_74' title='bbox 630 1070 680 1149; x_wconf 87' lang='lat' dir='ltr'>qui</span> <span class='ocrx_word' id='word_1_75' title='bbox 700 1071 809 1152; x_wconf 89' lang='lat' dir='ltr'>pariter</span> <span class='ocrx_word' id='word_1_76' title='bbox 827 1092 859 1131; x_wconf 88' lang='lat' dir='ltr'>ac</span> <span class='ocrx_word' id='word_1_77' title='bbox 874 1073 1006 1149; x_wconf 84' lang='lat' dir='ltr'>Brutus,</span> <span class='ocrx_word' id='word_1_78' title='bbox 1027 1070 1137 1133; x_wconf 80' lang='lat' dir='ltr'>Calvus</span> <span class='ocrx_word' id='word_1_79' title='bbox 1153 1071 1186 1132; x_wconf 82' lang='lat' dir='ltr'>al.</span> 
     </span>
     <span class='ocr_line' id='line_1_10' title="bbox 115 1150 1189 1294; baseline 0.002 -84"><span class='ocrx_word' id='word_1_80' title='bbox 115 1150 247 1211; x_wconf 83' lang='lat' dir='ltr'>Atticum</span> <span class='ocrx_word' id='word_1_81' title='bbox 275 1151 389 1210; x_wconf 91' lang='lat' dir='ltr'>dicendi</span> <span class='ocrx_word' id='word_1_82' title='bbox 416 1173 508 1232; x_wconf 85' lang='lat' dir='ltr'>genus</span> <span class='ocrx_word' id='word_1_83' title='bbox 532 1152 713 1232; x_wconf 87' lang='lat' dir='ltr'>potissimum</span> <span class='ocrx_word' id='word_1_84' title='bbox 733 1151 935 1225; x_wconf 89' lang='lat' dir='ltr'>imitabantur,</span> <span class='ocrx_word' id='word_1_85' title='bbox 964 1153 1004 1212; x_wconf 89' lang='lat' dir='ltr'>ita</span> <span class='ocrx_word' id='word_1_86' title='bbox 1024 1165 1122 1213; x_wconf 73' lang='lat' dir='ltr'>tantm</span> <span class='ocrx_word' id='word_1_87' title='bbox 1143 1164 1189 1294; x_wconf 54' lang='lat' dir='ltr'>opp</span> 
     </span>
     <span class='ocr_line' id='line_1_11' title="bbox 115 1232 1169 1312; baseline 0.003 -21"><span class='ocrx_word' id='word_1_88' title='bbox 115 1254 189 1312; x_wconf 88' lang='lat' dir='ltr'>quae</span> <span class='ocrx_word' id='word_1_89' title='bbox 210 1232 330 1291; x_wconf 83' lang='lat' dir='ltr'>meliora</span> <span class='ocrx_word' id='word_1_90' title='bbox 352 1232 382 1291; x_wconf 90' lang='lat' dir='ltr'>in</span> <span class='ocrx_word' id='word_1_91' title='bbox 404 1233 507 1293; x_wconf 77' lang='lat' dir='ltr'>Atticis</span> <span class='ocrx_word' id='word_1_92' title='bbox 527 1245 641 1309; x_wconf 85' lang='lat' dir='ltr'>essent,</span> <span class='ocrx_word' id='word_1_93' title='bbox 663 1234 758 1293; x_wconf 89' lang='lat' dir='ltr'>minus</span> <span class='ocrx_word' id='word_1_94' title='bbox 780 1234 905 1293; x_wconf 77' lang='lat' dir='ltr'>feliciter</span> <span class='ocrx_word' id='word_1_95' title='bbox 922 1234 1119 1310; x_wconf 70' lang='lat' dir='ltr'>imitarentur,</span> <span class='ocrx_word' id='word_1_96' title='bbox 1139 1254 1169 1294; x_wconf 83' lang='lat' dir='ltr'>se</span> 
     </span>
     <span class='ocr_line' id='line_1_12' title="bbox 115 1313 1188 1395; baseline 0.003 -22"><span class='ocrx_word' id='word_1_97' title='bbox 115 1314 287 1387; x_wconf 78' lang='lat' dir='ltr'>exilitatem,</span> <span class='ocrx_word' id='word_1_98' title='bbox 309 1313 488 1373; x_wconf 82' lang='lat' dir='ltr'>ieiunitatem</span> <span class='ocrx_word' id='word_1_99' title='bbox 510 1327 539 1374; x_wconf 93' lang='lat' dir='ltr'>et</span> <span class='ocrx_word' id='word_1_100' title='bbox 559 1316 716 1375; x_wconf 88' lang='lat' dir='ltr'>siccitatem</span> <span class='ocrx_word' id='word_1_101' title='bbox 737 1327 1008 1394; x_wconf 86' lang='lat' dir='ltr'>consequerentur,</span> <span class='ocrx_word' id='word_1_102' title='bbox 1029 1336 1117 1395; x_wconf 85' lang='lat' dir='ltr'>quarn</span> <span class='ocrx_word' id='word_1_103' title='bbox 1137 1313 1188 1376; x_wconf 88' lang='lat' dir='ltr'>Ci-</span> 
     </span>
     <span class='ocr_line' id='line_1_13' title="bbox 115 1395 1189 1476; baseline 0.003 -22"><span class='ocrx_word' id='word_1_104' title='bbox 115 1416 185 1455; x_wconf 91' lang='lat' dir='ltr'>cero</span> <span class='ocrx_word' id='word_1_105' title='bbox 214 1395 402 1476; x_wconf 85' lang='lat' dir='ltr'>reprehendit</span> <span class='ocrx_word' id='word_1_106' title='bbox 429 1398 512 1454; x_wconf 87' lang='lat' dir='ltr'>Brut.</span> <span class='ocrx_word' id='word_1_107' title='bbox 532 1403 592 1470; x_wconf 72' lang='lat'>⁴82,</span> <span class='ocrx_word' id='word_1_108' title='bbox 615 1403 681 1456; x_wconf 82' lang='lat'>284.</span> <span class='ocrx_word' id='word_1_109' title='bbox 725 1397 786 1471; x_wconf 80' lang='lat' dir='ltr'>Qui</span> <span class='ocrx_word' id='word_1_110' title='bbox 813 1397 881 1456; x_wconf 89' lang='lat' dir='ltr'>licet</span> <span class='ocrx_word' id='word_1_111' title='bbox 907 1396 1025 1456; x_wconf 86' lang='lat' dir='ltr'>Atticos</span> <span class='ocrx_word' id='word_1_112' title='bbox 1056 1407 1189 1457; x_wconf 78' lang='lat' dir='ltr'>oratores</span> 
     </span>
     <span class='ocr_line' id='line_1_14' title="bbox 109 1476 1190 1572; baseline 0.003 -37"><span class='ocrx_word' id='word_1_113' title='bbox 109 1477 243 1572; x_wconf 50' lang='lat' dir='ltr'>*optimos</span> <span class='ocrx_word' id='word_1_114' title='bbox 265 1477 484 1556; x_wconf 86' lang='lat' dir='ltr'>imitationeque</span> <span class='ocrx_word' id='word_1_115' title='bbox 506 1477 692 1559; x_wconf 84' lang='lat' dir='ltr'>dignissimos</span> <span class='ocrx_word' id='word_1_116' title='bbox 709 1476 839 1551; x_wconf 89' lang='lat' dir='ltr'>baberet,</span> <span class='ocrx_word' id='word_1_117' title='bbox 859 1489 955 1536; x_wconf 87' lang='lat' dir='ltr'>tamen</span> <span class='ocrx_word' id='word_1_118' title='bbox 972 1477 1094 1537; x_wconf 87' lang='lat' dir='ltr'>mediam</span> <span class='ocrx_word' id='word_1_119' title='bbox 1110 1476 1190 1557; x_wconf 83' lang='lat' dir='ltr'>quasi</span> 
     </span>
     <span class='ocr_line' id='line_1_15' title="bbox 114 1557 1190 1619; baseline 0.003 -3"><span class='ocrx_word' id='word_1_120' title='bbox 114 1579 190 1616; x_wconf 84' lang='lat' dir='ltr'>mam</span> <span class='ocrx_word' id='word_1_121' title='bbox 218 1557 296 1617; x_wconf 90' lang='lat' dir='ltr'>inter</span> <span class='ocrx_word' id='word_1_122' title='bbox 322 1558 489 1616; x_wconf 86' lang='lat' dir='ltr'>Atticorum</span> <span class='ocrx_word' id='word_1_123' title='bbox 519 1559 690 1618; x_wconf 88' lang='lat' dir='ltr'>tenuitatem</span> <span class='ocrx_word' id='word_1_124' title='bbox 719 1571 749 1617; x_wconf 91' lang='lat' dir='ltr'>et</span> <span class='ocrx_word' id='word_1_125' title='bbox 777 1559 954 1618; x_wconf 80' lang='lat' dir='ltr'>Asianorum</span> <span class='ocrx_word' id='word_1_126' title='bbox 986 1559 1190 1619; x_wconf 84' lang='lat' dir='ltr'>abundantiam</span> 
     </span>
     <span class='ocr_line' id='line_1_16' title="bbox 114 1638 1190 1720; baseline 0.001 -22"><span class='ocrx_word' id='word_1_127' title='bbox 114 1638 265 1720; x_wconf 83' lang='lat' dir='ltr'>ingressus</span> <span class='ocrx_word' id='word_1_128' title='bbox 287 1650 342 1712; x_wconf 91' lang='lat' dir='ltr'>est,</span> <span class='ocrx_word' id='word_1_129' title='bbox 363 1650 396 1697; x_wconf 91' lang='lat' dir='ltr'>ut</span> <span class='ocrx_word' id='word_1_130' title='bbox 416 1638 571 1718; x_wconf 89' lang='lat' dir='ltr'>utriusque</span> <span class='ocrx_word' id='word_1_131' title='bbox 594 1639 730 1699; x_wconf 90' lang='lat' dir='ltr'>dictionis</span> <span class='ocrx_word' id='word_1_132' title='bbox 747 1640 954 1720; x_wconf 76' lang='lat' dir='ltr'>praestantiam</span> <span class='ocrx_word' id='word_1_133' title='bbox 971 1640 1099 1700; x_wconf 89' lang='lat' dir='ltr'>dicendo</span> <span class='ocrx_word' id='word_1_134' title='bbox 1119 1661 1190 1701; x_wconf 89' lang='lat' dir='ltr'>con·</span> 
     </span>
     <span class='ocr_line' id='line_1_17' title="bbox 115 1712 1190 1802; baseline 0.002 -22"><span class='ocrx_word' id='word_1_135' title='bbox 115 1732 297 1798; x_wconf 81' lang='lat' dir='ltr'>sequeretur.</span> <span class='ocrx_word' id='word_1_136' title='bbox 338 1717 383 1779; x_wconf 86' lang='lat' dir='ltr'>Cf.</span> <span class='ocrx_word' id='word_1_137' title='bbox 412 1722 576 1780; x_wconf 87' lang='lat' dir='ltr'>Westerm.</span> <span class='ocrx_word' id='word_1_138' title='bbox 605 1722 643 1781; x_wconf 90' lang='lat' dir='ltr'>G.</span> <span class='ocrx_word' id='word_1_139' title='bbox 658 1721 697 1779; x_wconf 86' lang='lat' dir='ltr'>d.</span> <span class='ocrx_word' id='word_1_140' title='bbox 720 1739 748 1780; x_wconf 74' lang='lat' dir='ltr'>r.</span> <span class='ocrx_word' id='word_1_141' title='bbox 771 1723 804 1780; x_wconf 89' lang='grc' dir='ltr'><strong>Β.</strong></span> <span class='ocrx_word' id='word_1_142' title='bbox 835 1712 863 1802; x_wconf 59' lang='grc' dir='ltr'>ς’.</span> <span class='ocrx_word' id='word_1_143' title='bbox 884 1726 933 1780; x_wconf 82' lang='grc'><strong>55.</strong></span> <span class='ocrx_word' id='word_1_144' title='bbox 971 1720 1033 1781; x_wconf 88' lang='lat' dir='ltr'>Cic.</span> <span class='ocrx_word' id='word_1_145' title='bbox 1063 1722 1101 1782; x_wconf 86' lang='lat' dir='ltr'>de</span> <span class='ocrx_word' id='word_1_146' title='bbox 1132 1733 1190 1802; x_wconf 84' lang='lat' dir='ltr'>opt.</span> 
     </span>
     <span class='ocr_line' id='line_1_18' title="bbox 114 1801 1191 1885; baseline 0.001 -25"><span class='ocrx_word' id='word_1_147' title='bbox 114 1823 181 1885; x_wconf 81' lang='lat' dir='ltr'>gen.</span> <span class='ocrx_word' id='word_1_148' title='bbox 196 1822 239 1860; x_wconf 93' lang='lat' dir='ltr'>or.</span> <span class='ocrx_word' id='word_1_149' title='bbox 255 1824 298 1881; x_wconf 90' lang='lat' dir='ltr'>cp.</span> <span class='ocrx_word' id='word_1_150' title='bbox 314 1806 331 1859; x_wconf 88' lang='grc'>3</span> <span class='ocrx_word' id='word_1_151' title='bbox 345 1813 374 1860; x_wconf 92' lang='lat' dir='ltr'>et</span> <span class='ocrx_word' id='word_1_152' title='bbox 384 1804 424 1875; x_wconf 90' lang='grc'><strong>4.,</strong></span> <span class='ocrx_word' id='word_1_153' title='bbox 446 1803 524 1862; x_wconf 90' lang='lat' dir='ltr'>unde</span> <span class='ocrx_word' id='word_1_154' title='bbox 546 1803 615 1861; x_wconf 89' lang='lat' dir='ltr'>baec</span> <span class='ocrx_word' id='word_1_155' title='bbox 627 1801 833 1862; x_wconf 84' lang='lat' dir='ltr'>transscribam</span> <span class='ocrx_word' id='word_1_156' title='bbox 849 1822 865 1862; x_wconf 91' lang='lat' dir='ltr'>e</span> <span class='ocrx_word' id='word_1_157' title='bbox 878 1801 905 1883; x_wconf 66' lang='grc' dir='ltr'>ξ</span> <span class='ocrx_word' id='word_1_158' title='bbox 919 1808 963 1861; x_wconf 85' lang='grc'><strong>11.</strong></span> <span class='ocrx_word' id='word_1_159' title='bbox 986 1803 1091 1882; x_wconf 81' lang='lat' dir='ltr'>Quare</span> <span class='ocrx_word' id='word_1_160' title='bbox 1104 1825 1191 1885; x_wconf 77' lang='lat' dir='ltr'>quon-</span> 
     </span>
     <span class='ocr_line' id='line_1_19' title="bbox 114 1885 1189 1965; baseline 0.002 -24"><span class='ocrx_word' id='word_1_161' title='bbox 114 1887 177 1941; x_wconf 90' lang='lat' dir='ltr'>iam</span> <span class='ocrx_word' id='word_1_162' title='bbox 198 1885 398 1941; x_wconf 88' lang='lat' dir='ltr'>nonnullorum</span> <span class='ocrx_word' id='word_1_163' title='bbox 425 1904 519 1943; x_wconf 83' lang='lat' dir='ltr'>semna</span> <span class='ocrx_word' id='word_1_164' title='bbox 540 1888 601 1942; x_wconf 86' lang='lat' dir='ltr'>iarn</span> <span class='ocrx_word' id='word_1_165' title='bbox 622 1885 777 1957; x_wconf 78' lang='lat' dir='ltr'>increbuit,</span> <span class='ocrx_word' id='word_1_166' title='bbox 806 1888 917 1965; x_wconf 80' lang='lat' dir='ltr'>partim</span> <span class='ocrx_word' id='word_1_167' title='bbox 940 1904 973 1942; x_wconf 88' lang='lat' dir='ltr'>se</span> <span class='ocrx_word' id='word_1_168' title='bbox 992 1888 1070 1965; x_wconf 87' lang='lat' dir='ltr'>ipsos</span> <span class='ocrx_word' id='word_1_169' title='bbox 1091 1885 1189 1963; x_wconf 81' lang='lat' dir='ltr'>Attice</span> 
     </span>
     <span class='ocr_line' id='line_1_20' title="bbox 114 1964 1191 2041; baseline 0.004 -19"><span class='ocrx_word' id='word_1_170' title='bbox 114 1964 230 2036; x_wconf 84' lang='lat' dir='ltr'>dicere,</span> <span class='ocrx_word' id='word_1_171' title='bbox 278 1968 368 2021; x_wconf 86' lang='lat' dir='ltr'>artim</span> <span class='ocrx_word' id='word_1_172' title='bbox 397 1969 539 2023; x_wconf 87' lang='lat' dir='ltr'>neminem</span> <span class='ocrx_word' id='word_1_173' title='bbox 568 1975 696 2024; x_wconf 85' lang='lat' dir='ltr'>nastrum</span> <span class='ocrx_word' id='word_1_174' title='bbox 724 1966 836 2024; x_wconf 88' lang='lat' dir='ltr'>dicere:</span> <span class='ocrx_word' id='word_1_175' title='bbox 866 1967 976 2024; x_wconf 89' lang='lat' dir='ltr'>alteros</span> <span class='ocrx_word' id='word_1_176' title='bbox 1000 1968 1191 2041; x_wconf 76' lang='lat' dir='ltr'>negligamus.</span> 
     </span>
     <span class='ocr_line' id='line_1_21' title="bbox 113 2044 1194 2127; baseline 0.004 -24"><span class='ocrx_word' id='word_1_177' title='bbox 113 2044 145 2126; x_wconf 61' lang='grc' dir='ltr'><strong>ξ.</strong></span> <span class='ocrx_word' id='word_1_178' title='bbox 160 2050 205 2103; x_wconf 86' lang='grc'><strong>13.</strong></span> <span class='ocrx_word' id='word_1_179' title='bbox 272 2067 293 2102; x_wconf 79' lang='lat' dir='ltr'>a·</span> <span class='ocrx_word' id='word_1_180' title='bbox 313 2067 367 2125; x_wconf 79' lang='lat' dir='ltr'>qno</span> <span class='ocrx_word' id='word_1_181' title='bbox 382 2047 562 2118; x_wconf 74' lang='lat' dir='ltr'>intelligitur,</span> <span class='ocrx_word' id='word_1_182' title='bbox 581 2050 715 2127; x_wconf 75' lang='lat' dir='ltr'>quoniam</span> <span class='ocrx_word' id='word_1_183' title='bbox 733 2047 916 2106; x_wconf 87' lang='lat' dir='ltr'>Graecorum</span> <span class='ocrx_word' id='word_1_184' title='bbox 933 2063 1084 2107; x_wconf 87' lang='lat' dir='ltr'>oratorum</span> <span class='ocrx_word' id='word_1_185' title='bbox 1095 2064 1194 2127; x_wconf 79' lang='lat' dir='ltr'>&#39;prae-</span> 
     </span>
     <span class='ocr_line' id='line_1_22' title="bbox 47 2125 1193 2210; baseline 0.001 -24"><span class='ocrx_word' id='word_1_186' title='bbox 47 2182 49 2186; x_wconf 87' lang='lat'>.</span> <span class='ocrx_word' id='word_1_187' title='bbox 113 2129 289 2185; x_wconf 82' lang='lat' dir='ltr'>etantissimi</span> <span class='ocrx_word' id='word_1_188' title='bbox 309 2135 376 2184; x_wconf 77' lang='lat' dir='ltr'>stent</span> <span class='ocrx_word' id='word_1_189' title='bbox 396 2129 435 2198; x_wconf 91' lang='lat' dir='ltr'>ii,</span> <span class='ocrx_word' id='word_1_190' title='bbox 455 2131 505 2207; x_wconf 86' lang='lat' dir='ltr'>qni</span> <span class='ocrx_word' id='word_1_191' title='bbox 516 2125 640 2203; x_wconf 73' lang='lat' dir='ltr'>sonunt</span> <span class='ocrx_word' id='word_1_192' title='bbox 653 2128 794 2200; x_wconf 78' lang='lat' dir='ltr'>Athenis,</span> <span class='ocrx_word' id='word_1_193' title='bbox 818 2148 918 2186; x_wconf 87' lang='lat' dir='ltr'>eorum</span> <span class='ocrx_word' id='word_1_194' title='bbox 940 2138 1040 2186; x_wconf 82' lang='lat' dir='ltr'>autern</span> <span class='ocrx_word' id='word_1_195' title='bbox 1058 2132 1193 2210; x_wconf 77' lang='lat' dir='ltr'>princeps</span> 
     </span>
     <span class='ocr_line' id='line_1_23' title="bbox 105 2207 1193 2288; baseline 0.003 -22"><span class='ocrx_word' id='word_1_196' title='bbox 105 2207 203 2286; x_wconf 76' lang='lat' dir='ltr'>jacite</span> <span class='ocrx_word' id='word_1_197' title='bbox 215 2208 442 2277; x_wconf 84' lang='lat' dir='ltr'>llemostbenes:</span> <span class='ocrx_word' id='word_1_198' title='bbox 463 2208 538 2265; x_wconf 86' lang='lat' dir='ltr'>bunc</span> <span class='ocrx_word' id='word_1_199' title='bbox 559 2211 658 2288; x_wconf 76' lang='lat' dir='ltr'>siquis</span> <span class='ocrx_word' id='word_1_200' title='bbox 678 2213 818 2282; x_wconf 81' lang='lat' dir='ltr'>imitetur,</span> <span class='ocrx_word' id='word_1_201' title='bbox 842 2229 907 2267; x_wconf 89' lang='lat' dir='ltr'>eum</span> <span class='ocrx_word' id='word_1_202' title='bbox 930 2220 959 2268; x_wconf 91' lang='lat' dir='ltr'>et</span> <span class='ocrx_word' id='word_1_203' title='bbox 974 2210 1073 2269; x_wconf 86' lang='lat' dir='ltr'>Attice</span> <span class='ocrx_word' id='word_1_204' title='bbox 1097 2210 1193 2271; x_wconf 84' lang='lat' dir='ltr'>dietu-</span> 
     </span>
     <span class='ocr_line' id='line_1_24' title="bbox 114 2287 1194 2371; baseline 0.006 -26"><span class='ocrx_word' id='word_1_205' title='bbox 114 2311 180 2347; x_wconf 90' lang='lat' dir='ltr'>rum</span> <span class='ocrx_word' id='word_1_206' title='bbox 208 2298 238 2345; x_wconf 85' lang='lat' dir='ltr'>et</span> <span class='ocrx_word' id='word_1_207' title='bbox 260 2292 385 2368; x_wconf 86' lang='lat' dir='ltr'>optime,</span> <span class='ocrx_word' id='word_1_208' title='bbox 417 2297 464 2358; x_wconf 89' lang='lat' dir='ltr'>nt,</span> <span class='ocrx_word' id='word_1_209' title='bbox 494 2292 630 2370; x_wconf 69' lang='lat' dir='ltr'>quereiam</span> <span class='ocrx_word' id='word_1_210' title='bbox 658 2288 755 2349; x_wconf 87' lang='lat' dir='ltr'>Attici</span> <span class='ocrx_word' id='word_1_211' title='bbox 781 2287 863 2349; x_wconf 80' lang='lat' dir='ltr'>nobis</span> <span class='ocrx_word' id='word_1_212' title='bbox 887 2294 1028 2371; x_wconf 86' lang='lat' dir='ltr'>propositi</span> <span class='ocrx_word' id='word_1_213' title='bbox 1054 2302 1125 2352; x_wconf 83' lang='lat' dir='ltr'>sunt</span> <span class='ocrx_word' id='word_1_214' title='bbox 1153 2290 1194 2351; x_wconf 84' lang='lat' dir='ltr'>ad</span> 
     </span>
     <span class='ocr_line' id='line_1_25' title="bbox 114 2369 1193 2448; baseline 0.003 -20"><span class='ocrx_word' id='word_1_215' title='bbox 114 2369 306 2440; x_wconf 87' lang='lat' dir='ltr'>imitandum,</span> <span class='ocrx_word' id='word_1_216' title='bbox 336 2369 525 2428; x_wconf 85' lang='lat' dir='ltr'>benedicere</span> <span class='ocrx_word' id='word_1_217' title='bbox 552 2369 585 2427; x_wconf 86' lang='lat' dir='ltr'>id</span> <span class='ocrx_word' id='word_1_218' title='bbox 604 2374 643 2429; x_wconf 87' lang='lat' dir='ltr'>sit</span> <span class='ocrx_word' id='word_1_219' title='bbox 670 2370 771 2430; x_wconf 88' lang='lat' dir='ltr'>Attice</span> <span class='ocrx_word' id='word_1_220' title='bbox 799 2371 904 2430; x_wconf 87' lang='lat' dir='ltr'>dicere.</span> <span class='ocrx_word' id='word_1_221' title='bbox 943 2372 1032 2431; x_wconf 83' lang='lat' dir='ltr'>Tusc.</span> <span class='ocrx_word' id='word_1_222' title='bbox 1050 2373 1088 2447; x_wconf 91' lang='lat' dir='ltr'>ll,</span> <span class='ocrx_word' id='word_1_223' title='bbox 1115 2376 1142 2448; x_wconf 94' lang='grc'>1,</span> <span class='ocrx_word' id='word_1_224' title='bbox 1164 2376 1193 2432; x_wconf 80' lang='grc'><strong>8.</strong></span> 
     </span>
     <span class='ocr_line' id='line_1_26' title="bbox 116 2450 1194 2537; baseline 0.003 -26"><span class='ocrx_word' id='word_1_225' title='bbox 116 2451 199 2511; x_wconf 86' lang='lat' dir='ltr'>Orat.</span> <span class='ocrx_word' id='word_1_226' title='bbox 221 2472 265 2529; x_wconf 90' lang='lat' dir='ltr'>cp.</span> <span class='ocrx_word' id='word_1_227' title='bbox 288 2454 411 2525; x_wconf 80' lang='lat'>7-9.,</span> <span class='ocrx_word' id='word_1_228' title='bbox 439 2451 517 2509; x_wconf 90' lang='lat' dir='ltr'>unde</span> <span class='ocrx_word' id='word_1_229' title='bbox 547 2450 603 2511; x_wconf 90' lang='lat' dir='ltr'>buc</span> <span class='ocrx_word' id='word_1_230' title='bbox 631 2452 820 2511; x_wconf 89' lang='lat' dir='ltr'>transcribam</span> <span class='ocrx_word' id='word_1_231' title='bbox 841 2473 856 2512; x_wconf 91' lang='lat' dir='ltr'>e</span> <span class='ocrx_word' id='word_1_232' title='bbox 877 2473 921 2531; x_wconf 90' lang='lat' dir='ltr'>cp.</span> <span class='ocrx_word' id='word_1_233' title='bbox 941 2458 970 2525; x_wconf 88' lang='lat'>7,</span> <span class='ocrx_word' id='word_1_234' title='bbox 991 2458 1042 2516; x_wconf 78' lang='lat'>23.</span> <span class='ocrx_word' id='word_1_235' title='bbox 1091 2453 1194 2537; x_wconf 78' lang='lat' dir='ltr'>ltaque</span> 
     </span>
     <span class='ocr_line' id='line_1_27' title="bbox 115 2532 1194 2621; baseline 0.003 -31"><span class='ocrx_word' id='word_1_236' title='bbox 115 2533 198 2590; x_wconf 87' lang='lat' dir='ltr'>nobis</span> <span class='ocrx_word' id='word_1_237' title='bbox 219 2532 354 2590; x_wconf 84' lang='lat' dir='ltr'>monendi</span> <span class='ocrx_word' id='word_1_238' title='bbox 371 2542 438 2589; x_wconf 87' lang='lat' dir='ltr'>sunt</span> <span class='ocrx_word' id='word_1_239' title='bbox 459 2536 495 2604; x_wconf 92' lang='lat' dir='ltr'>ii,</span> <span class='ocrx_word' id='word_1_240' title='bbox 525 2555 648 2611; x_wconf 77' lang='lat' dir='ltr'>quorum</span> <span class='ocrx_word' id='word_1_241' title='bbox 667 2554 763 2592; x_wconf 84' lang='lat' dir='ltr'>sermo</span> <span class='ocrx_word' id='word_1_242' title='bbox 789 2537 939 2615; x_wconf 84' lang='lat' dir='ltr'>imperitus</span> <span class='ocrx_word' id='word_1_243' title='bbox 959 2535 1121 2607; x_wconf 79' lang='lat' dir='ltr'>increbuit,</span> <span class='ocrx_word' id='word_1_244' title='bbox 1147 2557 1194 2621; x_wconf 75' lang='lat' dir='ltr'>pap</span> 
     </span>
     <span class='ocr_line' id='line_1_28' title="bbox 115 2613 1203 2696; baseline 0.004 -25"><span class='ocrx_word' id='word_1_245' title='bbox 115 2623 170 2671; x_wconf 92' lang='lat' dir='ltr'>aut</span> <span class='ocrx_word' id='word_1_246' title='bbox 189 2613 247 2671; x_wconf 84' lang='lat' dir='ltr'>dici</span> <span class='ocrx_word' id='word_1_247' title='bbox 266 2633 297 2669; x_wconf 88' lang='lat' dir='ltr'>se</span> <span class='ocrx_word' id='word_1_248' title='bbox 319 2613 488 2673; x_wconf 81' lang='lat' dir='ltr'>desiderant</span> <span class='ocrx_word' id='word_1_249' title='bbox 516 2613 647 2687; x_wconf 81' lang='lat' dir='ltr'>Atticos,</span> <span class='ocrx_word' id='word_1_250' title='bbox 677 2626 730 2672; x_wconf 88' lang='lat' dir='ltr'>aut</span> <span class='ocrx_word' id='word_1_251' title='bbox 758 2618 814 2696; x_wconf 87' lang='lat' dir='ltr'>ipsi</span> <span class='ocrx_word' id='word_1_252' title='bbox 840 2614 937 2674; x_wconf 85' lang='lat' dir='ltr'>Attice</span> <span class='ocrx_word' id='word_1_253' title='bbox 965 2616 1061 2675; x_wconf 84' lang='lat' dir='ltr'>uolunt</span> <span class='ocrx_word' id='word_1_254' title='bbox 1089 2617 1203 2685; x_wconf 79' lang='lat' dir='ltr'>dr&#39;cere,¹</span> 
     </span>
     <span class='ocr_line' id='line_1_29' title="bbox 115 2693 1195 2777; baseline 0.005 -25"><span class='ocrx_word' id='word_1_255' title='bbox 115 2704 148 2752; x_wconf 87' lang='lat' dir='ltr'>nt</span> <span class='ocrx_word' id='word_1_256' title='bbox 175 2698 317 2750; x_wconf 82' lang='lat' dir='ltr'>mirentur</span> <span class='ocrx_word' id='word_1_257' title='bbox 345 2694 421 2751; x_wconf 82' lang='lat' dir='ltr'>burte</span> <span class='ocrx_word' id='word_1_258' title='bbox 451 2693 886 2776; x_wconf 70' lang='lat' dir='ltr'>(Demosthenem),maxime‚</span> <span class='ocrx_word' id='word_1_259' title='bbox 915 2717 970 2777; x_wconf 85' lang='lat' dir='ltr'>qun</span> <span class='ocrx_word' id='word_1_260' title='bbox 997 2716 1034 2754; x_wconf 89' lang='lat' dir='ltr'>ne</span> <span class='ocrx_word' id='word_1_261' title='bbox 1059 2695 1195 2765; x_wconf 70' lang='lat' dir='ltr'>Allienus</span> 
     </span>
     <span class='ocr_line' id='line_1_30' title="bbox 114 2775 1195 2857; baseline 0.006 -23"><span class='ocrx_word' id='word_1_262' title='bbox 114 2775 229 2856; x_wconf 83' lang='lat' dir='ltr'>quidem</span> <span class='ocrx_word' id='word_1_263' title='bbox 251 2778 331 2854; x_wconf 82' lang='lat' dir='ltr'>ipsas</span> <span class='ocrx_word' id='word_1_264' title='bbox 351 2778 447 2848; x_wconf 77' lang='lat' dir='ltr'>inagis</span> <span class='ocrx_word' id='word_1_265' title='bbox 465 2776 551 2834; x_wconf 85' lang='lat' dir='ltr'>credo</span> <span class='ocrx_word' id='word_1_266' title='bbox 571 2775 667 2854; x_wconf 84' lang='lat' dir='ltr'>fuisse</span> <span class='ocrx_word' id='word_1_267' title='bbox 687 2777 813 2834; x_wconf 84' lang='lat' dir='ltr'>Atticas.</span> <span class='ocrx_word' id='word_1_268' title='bbox 857 2776 937 2857; x_wconf 83' lang='lat' dir='ltr'>Quid</span> <span class='ocrx_word' id='word_1_269' title='bbox 956 2780 1031 2836; x_wconf 90' lang='lat' dir='ltr'>enim</span> <span class='ocrx_word' id='word_1_270' title='bbox 1052 2781 1093 2838; x_wconf 85' lang='lat' dir='ltr'>sit</span> <span class='ocrx_word' id='word_1_271' title='bbox 1113 2779 1195 2839; x_wconf 76' lang='lat' dir='ltr'>Atti-</span> 
     </span>
     <span class='ocr_line' id='line_1_31' title="bbox 115 2854 1196 2939; baseline 0.008 -27"><span class='ocrx_word' id='word_1_272' title='bbox 115 2877 195 2937; x_wconf 78' lang='lat' dir='ltr'>cum,</span> <span class='ocrx_word' id='word_1_273' title='bbox 226 2854 342 2911; x_wconf 85' lang='lat' dir='ltr'>discant</span> <span class='ocrx_word' id='word_1_274' title='bbox 370 2854 614 2939; x_wconf 76' lang='lat' dir='ltr'>eloquentiamque</span> <span class='ocrx_word' id='word_1_275' title='bbox 640 2861 732 2915; x_wconf 85' lang='lat' dir='ltr'>isius</span> <span class='ocrx_word' id='word_1_276' title='bbox 760 2857 886 2931; x_wconf 67' lang='lat' dir='ltr'>uiribus,</span> <span class='ocrx_word' id='word_1_277' title='bbox 915 2879 970 2918; x_wconf 87' lang='lat' dir='ltr'>nun</span> <span class='ocrx_word' id='word_1_278' title='bbox 992 2856 1196 2920; x_wconf 80' lang='lat' dir='ltr'>imbecillitate</span> 
     </span>
     <span class='ocr_line' id='line_1_32' title="bbox 115 2879 1196 3019; baseline 0.009 -26"><span class='ocrx_word' id='word_1_279' title='bbox 115 2955 171 2994; x_wconf 86' lang='lat' dir='ltr'>sua</span> <span class='ocrx_word' id='word_1_280' title='bbox 192 2938 359 2995; x_wconf 88' lang='lat' dir='ltr'>metiantur.</span> <span class='ocrx_word' id='word_1_281' title='bbox 388 2937 413 2994; x_wconf 84' lang='lat' dir='ltr'>F.</span> <span class='ocrx_word' id='word_1_282' title='bbox 435 2958 478 3016; x_wconf 90' lang='lat' dir='ltr'>cp.</span> <span class='ocrx_word' id='word_1_283' title='bbox 505 2943 532 3008; x_wconf 84' lang='lat'>9,</span> <span class='ocrx_word' id='word_1_284' title='bbox 554 2945 602 2998; x_wconf 85' lang='lat'>28.</span> <span class='ocrx_word' id='word_1_285' title='bbox 642 2879 755 2997; x_wconf 62' lang='lat' dir='ltr'>Catani</span> <span class='ocrx_word' id='word_1_286' title='bbox 776 2942 867 3011; x_wconf 87' lang='lat' dir='ltr'>enirn,</span> <span class='ocrx_word' id='word_1_287' title='bbox 895 2942 944 3019; x_wconf 75' lang='lat' dir='ltr'>qui</span> <span class='ocrx_word' id='word_1_288' title='bbox 962 2939 1083 2998; x_wconf 82' lang='lat' dir='ltr'>barride</span> <span class='ocrx_word' id='word_1_289' title='bbox 1104 2942 1196 3003; x_wconf 87' lang='lat' dir='ltr'>incul-</span> 
     </span>
     <span class='ocr_line' id='line_1_33' title="bbox 116 3016 1195 3101; baseline 0.008 -26"><span class='ocrx_word' id='word_1_290' title='bbox 116 3027 201 3097; x_wconf 77' lang='lat' dir='ltr'>teque</span> <span class='ocrx_word' id='word_1_291' title='bbox 221 3017 311 3090; x_wconf 85' lang='lat' dir='ltr'>dicat,</span> <span class='ocrx_word' id='word_1_292' title='bbox 334 3018 419 3077; x_wconf 86' lang='lat' dir='ltr'>modo</span> <span class='ocrx_word' id='word_1_293' title='bbox 439 3018 471 3076; x_wconf 83' lang='lat' dir='ltr'>id</span> <span class='ocrx_word' id='word_1_294' title='bbox 484 3021 636 3093; x_wconf 76' lang='lat' dir='ltr'>eleganter</span> <span class='ocrx_word' id='word_1_295' title='bbox 656 3020 857 3101; x_wconf 82' lang='lat' dir='ltr'>ermeleoteqne</span> <span class='ocrx_word' id='word_1_296' title='bbox 869 3016 990 3096; x_wconf 85' lang='lat' dir='ltr'>faeiat,</span> <span class='ocrx_word' id='word_1_297' title='bbox 1011 3040 1077 3080; x_wconf 89' lang='lat' dir='ltr'>enm</span> <span class='ocrx_word' id='word_1_298' title='bbox 1100 3025 1195 3083; x_wconf 77' lang='lat' dir='ltr'>solum</span> 
     </span>
    </p>
   </div>
   <div class='ocr_carea' id='block_1_4' title="bbox 89 3098 1196 3261">
    <p class='ocr_par' dir='ltr' id='par_1_4' title="bbox 89 3098 1196 3261">
     <span class='ocr_line' id='line_1_34' title="bbox 89 3098 1196 3261; baseline 0.005 -107"><span class='ocrx_word' id='word_1_299' title='bbox 89 3144 93 3154; x_wconf 90' lang='lat'>.</span> <span class='ocrx_word' id='word_1_300' title='bbox 114 3101 213 3160; x_wconf 82' lang='lat' dir='ltr'>Attice</span> <span class='ocrx_word' id='word_1_301' title='bbox 237 3099 340 3158; x_wconf 85' lang='lat' dir='ltr'>dicere.</span> <span class='ocrx_word' id='word_1_302' title='bbox 368 3098 393 3158; x_wconf 82' lang='lat' dir='ltr'>E</span> <span class='ocrx_word' id='word_1_303' title='bbox 414 3120 458 3178; x_wconf 91' lang='lat' dir='ltr'>cp.</span> <span class='ocrx_word' id='word_1_304' title='bbox 474 3105 505 3173; x_wconf 88' lang='grc'>9,</span> <span class='ocrx_word' id='word_1_305' title='bbox 520 3106 568 3159; x_wconf 85' lang='grc'><strong>29.</strong></span> <span class='ocrx_word' id='word_1_306' title='bbox 610 3099 722 3159; x_wconf 83' lang='lat' dir='ltr'>Ornata</span> <span class='ocrx_word' id='word_1_307' title='bbox 745 3121 810 3159; x_wconf 83' lang='lat' dir='ltr'>uero</span> <span class='ocrx_word' id='word_1_308' title='bbox 832 3110 859 3159; x_wconf 88' lang='lat' dir='ltr'>et</span> <span class='ocrx_word' id='word_1_309' title='bbox 878 3103 1011 3175; x_wconf 75' lang='lat' dir='ltr'>grauiter</span> <span class='ocrx_word' id='word_1_310' title='bbox 1019 3108 1196 3261; x_wconf 58' lang='lat' dir='ltr'><strong><em>m</em></strong></span> 
     </span>
    </p>
   </div>
   <div class='ocr_carea' id='block_1_5' title="bbox 117 3181 1218 4238">
    <p class='ocr_par' dir='ltr' id='par_1_5' title="bbox 117 3181 1003 3256">
     <span class='ocr_line' id='line_1_35' title="bbox 117 3181 1003 3256; baseline 0 -18"><span class='ocrx_word' id='word_1_311' title='bbox 117 3181 215 3239; x_wconf 84' lang='lat' dir='ltr'>dicere</span> <span class='ocrx_word' id='word_1_312' title='bbox 239 3190 292 3239; x_wconf 90' lang='lat' dir='ltr'>aut</span> <span class='ocrx_word' id='word_1_313' title='bbox 310 3181 468 3239; x_wconf 86' lang='lat' dir='ltr'>Aticorum</span> <span class='ocrx_word' id='word_1_314' title='bbox 490 3184 547 3256; x_wconf 88' lang='lat' dir='ltr'>sit,</span> <span class='ocrx_word' id='word_1_315' title='bbox 573 3192 625 3239; x_wconf 90' lang='lat' dir='ltr'>aut</span> <span class='ocrx_word' id='word_1_316' title='bbox 642 3202 678 3240; x_wconf 89' lang='lat' dir='ltr'>ne</span> <span class='ocrx_word' id='word_1_317' title='bbox 698 3185 738 3241; x_wconf 87' lang='lat' dir='ltr'>sit</span> <span class='ocrx_word' id='word_1_318' title='bbox 756 3181 914 3240; x_wconf 77' lang='lat' dir='ltr'>Aeschines</span> <span class='ocrx_word' id='word_1_319' title='bbox 934 3201 1003 3239; x_wconf 83' lang='lat' dir='ltr'>nene</span> 
     </span>
    </p>

    <p class='ocr_par' dir='ltr' id='par_1_6' title="bbox 117 3258 1218 4238">
     <span class='ocr_line' id='line_1_36' title="bbox 117 3258 1197 3343; baseline 0.002 -24"><span class='ocrx_word' id='word_1_320' title='bbox 117 3283 169 3320; x_wconf 89' lang='lat' dir='ltr'>nes</span> <span class='ocrx_word' id='word_1_321' title='bbox 190 3261 316 3321; x_wconf 83' lang='lat' dir='ltr'>Atticus.</span> <span class='ocrx_word' id='word_1_322' title='bbox 358 3260 399 3320; x_wconf 88' lang='lat' dir='ltr'>lb.</span> <span class='ocrx_word' id='word_1_323' title='bbox 421 3282 464 3340; x_wconf 90' lang='lat' dir='ltr'>cp.</span> <span class='ocrx_word' id='word_1_324' title='bbox 486 3268 535 3320; x_wconf 75' lang='lat'>23.</span> <span class='ocrx_word' id='word_1_325' title='bbox 572 3263 658 3320; x_wconf 85' lang='lat' dir='ltr'>Brut.</span> <span class='ocrx_word' id='word_1_326' title='bbox 679 3283 723 3343; x_wconf 91' lang='lat' dir='ltr'>cp.</span> <span class='ocrx_word' id='word_1_327' title='bbox 745 3265 891 3322; x_wconf 88' lang='grc'><strong>82-84.</strong></span> <span class='ocrx_word' id='word_1_328' title='bbox 933 3258 1197 3331; x_wconf 59' lang='lat' dir='ltr'>ruerant-,uta</span> 
     </span>
     <span class='ocr_line' id='line_1_37' title="bbox 118 3342 1197 3487; baseline 0.003 -87"><span class='ocrx_word' id='word_1_329' title='bbox 118 3342 264 3424; x_wconf 84' lang='lat' dir='ltr'>probatur</span> <span class='ocrx_word' id='word_1_330' title='bbox 293 3343 362 3403; x_wconf 90' lang='lat' dir='ltr'>baec</span> <span class='ocrx_word' id='word_1_331' title='bbox 391 3342 554 3402; x_wconf 88' lang='lat' dir='ltr'>emendatio</span> <span class='ocrx_word' id='word_1_332' title='bbox 584 3342 700 3403; x_wconf 86' lang='lat' dir='ltr'>duobus</span> <span class='ocrx_word' id='word_1_333' title='bbox 730 3342 803 3403; x_wconf 90' lang='lat' dir='ltr'>locis</span> <span class='ocrx_word' id='word_1_334' title='bbox 832 3342 907 3403; x_wconf 86' lang='lat' dir='ltr'>Dial.</span> <span class='ocrx_word' id='word_1_335' title='bbox 928 3364 972 3423; x_wconf 90' lang='lat' dir='ltr'>cp.</span> <span class='ocrx_word' id='word_1_336' title='bbox 998 3348 1044 3402; x_wconf 89' lang='grc'>18.</span> <span class='ocrx_word' id='word_1_337' title='bbox 1064 3354 1105 3403; x_wconf 71' lang='lat' dir='ltr'>‘et</span> <span class='ocrx_word' id='word_1_338' title='bbox 1128 3346 1197 3487; x_wconf 42' lang='grc' dir='ltr'>ᾗ</span> 
     </span>
     <span class='ocr_line' id='line_1_38' title="bbox 118 3423 1079 3509; baseline 0.002 -27"><span class='ocrx_word' id='word_1_339' title='bbox 118 3427 232 3483; x_wconf 88' lang='lat' dir='ltr'>utinam</span> <span class='ocrx_word' id='word_1_340' title='bbox 253 3435 307 3484; x_wconf 88' lang='lat' dir='ltr'>etc.</span> <span class='ocrx_word' id='word_1_341' title='bbox 329 3436 359 3483; x_wconf 91' lang='lat' dir='ltr'>et</span> <span class='ocrx_word' id='word_1_342' title='bbox 380 3446 423 3504; x_wconf 89' lang='lat' dir='ltr'>cp.</span> <span class='ocrx_word' id='word_1_343' title='bbox 444 3430 494 3509; x_wconf 57' lang='lat'>22.</span> <span class='ocrx_word' id='word_1_344' title='bbox 533 3423 613 3485; x_wconf 87' lang='lat' dir='ltr'>Nam</span> <span class='ocrx_word' id='word_1_345' title='bbox 638 3428 752 3506; x_wconf 85' lang='lat' dir='ltr'>priores</span> <span class='ocrx_word' id='word_1_346' title='bbox 772 3429 1004 3484; x_wconf 80' lang='lat' dir='ltr'>eiusoratr&#39;ones</span> <span class='ocrx_word' id='word_1_347' title='bbox 1024 3435 1079 3484; x_wconf 88' lang='lat' dir='ltr'>etc.</span> 
     </span>
     <span class='ocr_line' id='line_1_39' title="bbox 118 3504 1218 3587; baseline 0.004 -22"><span class='ocrx_word' id='word_1_348' title='bbox 118 3504 216 3565; x_wconf 86' lang='lat' dir='ltr'>resero</span> <span class='ocrx_word' id='word_1_349' title='bbox 232 3506 334 3566; x_wconf 85' lang='lat' dir='ltr'>Senec.</span> <span class='ocrx_word' id='word_1_350' title='bbox 351 3504 496 3566; x_wconf 83' lang='lat' dir='ltr'>Contror.</span> <span class='ocrx_word' id='word_1_351' title='bbox 509 3505 542 3563; x_wconf 92' lang='lat' dir='ltr'>L.</span> <span class='ocrx_word' id='word_1_352' title='bbox 554 3508 591 3564; x_wconf 83' lang='lat' dir='ltr'>V.</span> <span class='ocrx_word' id='word_1_353' title='bbox 604 3511 710 3586; x_wconf 58' lang='lat' dir='ltr'>poue.</span> <span class='ocrx_word' id='word_1_354' title='bbox 733 3504 797 3585; x_wconf 82' lang='lat' dir='ltr'>Rip.</span> <span class='ocrx_word' id='word_1_355' title='bbox 815 3505 851 3565; x_wconf 88' lang='lat' dir='ltr'>de</span> <span class='ocrx_word' id='word_1_356' title='bbox 867 3505 972 3565; x_wconf 82' lang='lat' dir='ltr'>Asinio</span> <span class='ocrx_word' id='word_1_357' title='bbox 988 3504 1126 3567; x_wconf 83' lang='lat' dir='ltr'>Pollione</span> <span class='ocrx_word' id='word_1_358' title='bbox 1135 3504 1197 3569; x_wconf 75' lang='lat' dir='ltr'>Cit-</span> <span class='ocrx_word' id='word_1_359' title='bbox 1214 3580 1218 3587; x_wconf 29' lang='lat'>¹</span> 
     </span>
     <span class='ocr_line' id='line_1_40' title="bbox 117 3586 1198 3666; baseline 0.001 -19"><span class='ocrx_word' id='word_1_360' title='bbox 117 3588 325 3648; x_wconf 87' lang='lat' dir='ltr'>obtrectatore.</span> <span class='ocrx_word' id='word_1_361' title='bbox 365 3587 501 3660; x_wconf 81' lang='lat' dir='ltr'>Asinius,</span> <span class='ocrx_word' id='word_1_362' title='bbox 531 3590 581 3666; x_wconf 75' lang='lat' dir='ltr'>qui</span> <span class='ocrx_word' id='word_1_363' title='bbox 606 3587 712 3645; x_wconf 90' lang='lat' dir='ltr'>bellum</span> <span class='ocrx_word' id='word_1_364' title='bbox 743 3607 808 3647; x_wconf 81' lang='lat' dir='ltr'>cunr</span> <span class='ocrx_word' id='word_1_365' title='bbox 829 3587 960 3646; x_wconf 87' lang='lat' dir='ltr'>omnibus</span> <span class='ocrx_word' id='word_1_366' title='bbox 980 3586 1092 3647; x_wconf 84' lang='lat' dir='ltr'>Atticis</span> <span class='ocrx_word' id='word_1_367' title='bbox 1111 3608 1198 3664; x_wconf 68' lang='lat' dir='ltr'>gere·</span> 
     </span>
     <span class='ocr_line' id='line_1_41' title="bbox 118 3668 1198 3752; baseline 0 -24"><span class='ocrx_word' id='word_1_368' title='bbox 118 3671 185 3744; x_wconf 87' lang='lat' dir='ltr'>bot,</span> <span class='ocrx_word' id='word_1_369' title='bbox 207 3692 292 3752; x_wconf 80' lang='lat' dir='ltr'>quum</span> <span class='ocrx_word' id='word_1_370' title='bbox 314 3669 438 3727; x_wconf 83' lang='lat' dir='ltr'>donaret</span> <span class='ocrx_word' id='word_1_371' title='bbox 460 3668 505 3726; x_wconf 88' lang='lat' dir='ltr'>illi</span> <span class='ocrx_word' id='word_1_372' title='bbox 526 3668 640 3727; x_wconf 88' lang='lat' dir='ltr'>Caesar</span> <span class='ocrx_word' id='word_1_373' title='bbox 659 3670 818 3739; x_wconf 84' lang='lat' dir='ltr'>talentum,</span> <span class='ocrx_word' id='word_1_374' title='bbox 846 3671 876 3726; x_wconf 93' lang='lat' dir='ltr'>in</span> <span class='ocrx_word' id='word_1_375' title='bbox 896 3690 953 3749; x_wconf 80' lang='lat' dir='ltr'>quo</span> <span class='ocrx_word' id='word_1_376' title='bbox 971 3668 1048 3734; x_wconf 76' lang='lat' dir='ltr'>XIV</span> <span class='ocrx_word' id='word_1_377' title='bbox 1059 3673 1198 3730; x_wconf 85' lang='lat' dir='ltr'>sestertia</span> 
     </span>
     <span class='ocr_line' id='line_1_42' title="bbox 117 3749 1197 3827; baseline 0.003 -19"><span class='ocrx_word' id='word_1_378' title='bbox 117 3761 185 3810; x_wconf 88' lang='lat' dir='ltr'>sunt</span> <span class='ocrx_word' id='word_1_379' title='bbox 210 3752 429 3811; x_wconf 74' lang='lat' dir='ltr'>Atheniensium</span> <span class='ocrx_word' id='word_1_380' title='bbox 458 3770 556 3823; x_wconf 87' lang='lat' dir='ltr'>mure,</span> <span class='ocrx_word' id='word_1_381' title='bbox 591 3753 610 3821; x_wconf 77' lang='grc' dir='ltr'><em>ἢ</em></span> <span class='ocrx_word' id='word_1_382' title='bbox 638 3752 769 3826; x_wconf 66' lang='lat' dir='ltr'>apicius,</span> <span class='ocrx_word' id='word_1_383' title='bbox 782 3788 788 3799; x_wconf 77' lang='lat'>.</span> <span class='ocrx_word' id='word_1_384' title='bbox 803 3760 899 3822; x_wconf 71' lang='grc' dir='ltr'>φησὶν,</span> <span class='ocrx_word' id='word_1_385' title='bbox 926 3752 945 3821; x_wconf 71' lang='grc' dir='ltr'>η’</span> <span class='ocrx_word' id='word_1_386' title='bbox 971 3749 1070 3825; x_wconf 72' lang='grc' dir='ltr'><strong>ἄφελε,</strong></span> <span class='ocrx_word' id='word_1_387' title='bbox 1100 3759 1144 3811; x_wconf 78' lang='lat' dir='ltr'>lm</span> <span class='ocrx_word' id='word_1_388' title='bbox 1160 3754 1197 3827; x_wconf 76' lang='grc' dir='ltr'><strong><em>μή</em></strong></span> 
     </span>
     <span class='ocr_line' id='line_1_43' title="bbox 121 3821 1199 3915; baseline 0.005 -26"><span class='ocrx_word' id='word_1_389' title='bbox 121 3836 237 3899; x_wconf 63' lang='lat' dir='ltr'>&#39;Arcade</span> <span class='ocrx_word' id='word_1_390' title='bbox 260 3821 299 3904; x_wconf 65' lang='grc' dir='ltr'>ᾖς.</span> <span class='ocrx_word' id='word_1_391' title='bbox 341 3833 421 3913; x_wconf 77' lang='lat' dir='ltr'>lirgo</span> <span class='ocrx_word' id='word_1_392' title='bbox 443 3830 492 3889; x_wconf 90' lang='lat' dir='ltr'>isti</span> <span class='ocrx_word' id='word_1_393' title='bbox 506 3830 598 3890; x_wconf 79' lang='lat' dir='ltr'>Attici</span> <span class='ocrx_word' id='word_1_394' title='bbox 618 3843 752 3890; x_wconf 87' lang='lat' dir='ltr'>oratores</span> <span class='ocrx_word' id='word_1_395' title='bbox 767 3833 986 3904; x_wconf 83' lang='lat' dir='ltr'>Romanorum,</span> <span class='ocrx_word' id='word_1_396' title='bbox 1009 3832 1059 3911; x_wconf 90' lang='lat' dir='ltr'>qui</span> <span class='ocrx_word' id='word_1_397' title='bbox 1075 3845 1199 3915; x_wconf 76' lang='lat' dir='ltr'>auguste</span> 
     </span>
     <span class='ocr_line' id='line_1_44' title="bbox 121 3911 1199 3992; baseline 0.001 -20"><span class='ocrx_word' id='word_1_398' title='bbox 121 3913 285 3972; x_wconf 74' lang='lat' dir='ltr'>steriliter</span> <span class='ocrx_word' id='word_1_399' title='bbox 307 3923 336 3971; x_wconf 88' lang='lat' dir='ltr'>et</span> <span class='ocrx_word' id='word_1_400' title='bbox 357 3913 433 3972; x_wconf 84' lang='lat' dir='ltr'>sicce</span> <span class='ocrx_word' id='word_1_401' title='bbox 455 3911 604 3987; x_wconf 87' lang='lat' dir='ltr'>dicebant,</span> <span class='ocrx_word' id='word_1_402' title='bbox 625 3911 798 3972; x_wconf 90' lang='lat' dir='ltr'>Ciceronem</span> <span class='ocrx_word' id='word_1_403' title='bbox 814 3912 1067 3992; x_wconf 84' lang='lat' dir='ltr'>reprehendebant</span> <span class='ocrx_word' id='word_1_404' title='bbox 1087 3934 1149 3974; x_wconf 88' lang='lat' dir='ltr'>non</span> <span class='ocrx_word' id='word_1_405' title='bbox 1165 3925 1199 3973; x_wconf 86' lang='lat' dir='ltr'>ut</span> 
     </span>
     <span class='ocr_line' id='line_1_45' title="bbox 119 3987 1198 4074; baseline 0.004 -24"><span class='ocrx_word' id='word_1_406' title='bbox 119 3987 227 4074; x_wconf 86' lang='lat' dir='ltr'>parum</span> <span class='ocrx_word' id='word_1_407' title='bbox 249 3997 418 4072; x_wconf 81' lang='lat' dir='ltr'>arrtiquurn,</span> <span class='ocrx_word' id='word_1_408' title='bbox 446 3993 498 4052; x_wconf 86' lang='lat' dir='ltr'>sed</span> <span class='ocrx_word' id='word_1_409' title='bbox 519 4005 552 4052; x_wconf 88' lang='lat' dir='ltr'>ut</span> <span class='ocrx_word' id='word_1_410' title='bbox 577 4015 684 4074; x_wconf 83' lang='lat' dir='ltr'>parum</span> <span class='ocrx_word' id='word_1_411' title='bbox 705 3995 857 4066; x_wconf 88' lang='lat' dir='ltr'>Atticum,</span> <span class='ocrx_word' id='word_1_412' title='bbox 890 4016 979 4072; x_wconf 87' lang='lat' dir='ltr'>quum</span> <span class='ocrx_word' id='word_1_413' title='bbox 1001 3992 1135 4056; x_wconf 76' lang='lat' dir='ltr'>Atticum</span> <span class='ocrx_word' id='word_1_414' title='bbox 1154 3994 1198 4055; x_wconf 88' lang='lat' dir='ltr'>di-</span> 
     </span>
     <span class='ocr_line' id='line_1_46' title="bbox 122 4073 1198 4159; baseline 0.003 -25"><span class='ocrx_word' id='word_1_415' title='bbox 122 4074 207 4134; x_wconf 87' lang='lat' dir='ltr'>oendi</span> <span class='ocrx_word' id='word_1_416' title='bbox 228 4095 320 4154; x_wconf 83' lang='lat' dir='ltr'>genus</span> <span class='ocrx_word' id='word_1_417' title='bbox 344 4094 403 4132; x_wconf 87' lang='lat' dir='ltr'>non</span> <span class='ocrx_word' id='word_1_418' title='bbox 423 4073 454 4131; x_wconf 93' lang='lat' dir='ltr'>in</span> <span class='ocrx_word' id='word_1_419' title='bbox 475 4074 603 4136; x_wconf 83' lang='lat' dir='ltr'>exilitate</span> <span class='ocrx_word' id='word_1_420' title='bbox 624 4088 654 4136; x_wconf 91' lang='lat' dir='ltr'>et</span> <span class='ocrx_word' id='word_1_421' title='bbox 674 4074 802 4136; x_wconf 84' lang='lat' dir='ltr'>siccitate</span> <span class='ocrx_word' id='word_1_422' title='bbox 818 4086 847 4134; x_wconf 86' lang='lat' dir='ltr'>et</span> <span class='ocrx_word' id='word_1_423' title='bbox 867 4075 1016 4136; x_wconf 88' lang='lat' dir='ltr'>ieiunitate</span> <span class='ocrx_word' id='word_1_424' title='bbox 1037 4090 1068 4136; x_wconf 86' lang='lat' dir='ltr'>et</span> <span class='ocrx_word' id='word_1_425' title='bbox 1089 4076 1198 4159; x_wconf 79' lang='lat' dir='ltr'>inopie,</span> 
     </span>
     <span class='ocr_line' id='line_1_47' title="bbox 123 4154 1083 4238; baseline 0.002 -22"><span class='ocrx_word' id='word_1_426' title='bbox 123 4156 174 4216; x_wconf 79' lang='lat' dir='ltr'>sed</span> <span class='ocrx_word' id='word_1_427' title='bbox 195 4155 224 4211; x_wconf 90' lang='lat' dir='ltr'>in</span> <span class='ocrx_word' id='word_1_428' title='bbox 245 4165 351 4211; x_wconf 83' lang='lat' dir='ltr'>ornatu</span> <span class='ocrx_word' id='word_1_429' title='bbox 374 4166 403 4213; x_wconf 86' lang='lat' dir='ltr'>et</span> <span class='ocrx_word' id='word_1_430' title='bbox 423 4154 565 4234; x_wconf 76' lang='lat' dir='ltr'>gravitate</span> <span class='ocrx_word' id='word_1_431' title='bbox 585 4170 617 4216; x_wconf 87' lang='lat' dir='ltr'>et</span> <span class='ocrx_word' id='word_1_432' title='bbox 635 4157 717 4238; x_wconf 87' lang='lat' dir='ltr'>copia</span> <span class='ocrx_word' id='word_1_433' title='bbox 737 4154 880 4216; x_wconf 83' lang='lat' dir='ltr'>orationis</span> <span class='ocrx_word' id='word_1_434' title='bbox 902 4168 1035 4236; x_wconf 82' lang='lat' dir='ltr'>perteret.</span> <span class='ocrx_word' id='word_1_435' title='bbox 1080 4200 1083 4205; x_wconf 92' lang='lat'><em>-</em></span> 
     </span>
    </p>
   </div>
   <div class='ocr_carea' id='block_1_6' title="bbox 0 0 1328 4656">
    <p class='ocr_par' dir='ltr' id='par_1_7' title="bbox 0 0 1328 4656">
     <span class='ocr_line' id='line_1_48' title="bbox 0 0 1328 4656; baseline 0 0"><span class='ocrx_word' id='word_1_436' title='bbox 0 0 1328 4656; x_wconf 95' lang='lat' dir='ltr'> </span> 
     </span>
    </p>
   </div>
  </div>
 </body>
</html>
