2634 4656
478 235 698 318 :casm
899 293 904 301 .
1057 188 1160 304 Μ’

58 396 271 494 peragrasse,
296 405 333 462 ut
355 417 483 463 omnem
509 392 655 465 omniurn
681 389 798 465 artium
822 391 1007 467 uarietatem
1031 423 1121 469 eom·
1225 447 1226 451 =
1280 409 1305 434 “

47 491 266 564 ‘lecteretur
318 491 432 590 ltaque
454 491 594 591 Hercule
625 494 658 565 in
688 490 783 565 libris
812 492 979 589 Ciceronis
1002 494 1121 598 deprea

10 520 206 689 ''iliandere
223 589 388 663 xlicetvnon
409 592 623 686 geometriae,
646 621 713 666 non
734 593 897 681 musicae,
923 621 989 666 non
1011 623 1122 693 gram-

33 683 35 691 *
58 691 218 780 metticae,
244 719 311 764 non
336 689 478 791 donique
498 688 596 764 ullius
617 688 779 789 ingenuae
802 693 880 764 artis
895 695 1069 788 =scientiam
1090 696 1121 789 ei

58 788 231 864 doluisses
263 790 320 864 llle
347 789 532 863 dialecticae
552 791 782 891 subtilitatem,
809 790 863 866 ille
886 793 1019 866 moralis
1044 801 1123 895 par-
1161 795 1162 798 ¹

57 890 102 993 tis
125 890 314 979 utilitatem,
350 890 408 964 ille
436 919 544 963 rerum
575 896 684 970 motus
709 916 890 991 causasque
915 912 1121 990 cognoverat.
1223 969 1226 975 ,

10 1056 14 1071 “
60 1058 131 1120 tiela.
160 1060 229 1124 Lex.
258 1062 324 1121 Tac.
352 1068 380 1142 p.
400 1066 469 1121 253.
496 1061 598 1123 'Pabst
626 1061 687 1121 Eel.
715 1063 783 1122 Tae.
804 1085 831 1142 p.
853 1050 924 1124 322(
956 1064 1071 1127 Walth.
1091 1078 1122 1130 et
1170 1077 1172 1080 ⁴

56 1141 147 1219 Baeh.
169 1143 204 1202 ad
223 1144 290 1203 Tac.
311 1143 387 1202 Anu.
408 1145 443 1217 ll,
465 1150 514 1202 26.
540 1164 624 1226 posse
653 1155 681 1203 et
703 1145 862 1205 Cheruscos
888 1156 1053 1231 ceterasque
1072 1171 1121 1210 re·
1148 1168 1152 1177 '

59 1225 175 1285 ballium
195 1236 312 1300 gentes,
340 1225 454 1308 quando
472 1227 625 1285 Romanae
638 1229 749 1285 vultioni
769 1229 929 1287 consultum
950 1240 1010 1305 est,
1030 1235 1122 1292 inter-

58 1310 105 1366 nis
124 1307 276 1366 discordiis
294 1306 497 1390 relinquilubi
519 1320 611 1368 tamen
629 1307 718 1368 Beltk.
739 1321 769 1368 ct
789 1308 860 1368 Ritt.
881 1321 955 1369 esset
974 1334 1038 1372 cum
1053 1316 1121 1375 Mu-
1185 1372 1187 1379 ,

57 1400 125 1449 reto
139 1389 356 1470 emendarunt):
379 1391 427 1462 lll,
443 1395 490 1448 69.
511 1391 662 1450 aduersum
676 1411 749 1473 quae
770 1390 905 1451 disseruit
922 1393 1043 1468 Caesar,
1064 1417 1122 1456 non

59 1471 174 1554 quidem
195 1472 252 1530 sibi
269 1475 391 1546 ignara,
411 1493 484 1554 qaae
506 1472 541 1531 de
561 1475 662 1532 Silano
686 1473 883 1547 culpabantur.
905 1474 980 1535 Hist.
1002 1479 1052 1552 lV,
1073 1484 1126 1539 16.

58 1574 169 1613 secum
187 1555 315 1627 cohorte,
338 1557 385 1612 cui
394 1565 545 1634 praeerat,
568 1554 785 1632 Canninefatem
803 1557 954 1616 tumultu-m
976 1579 1122 1642 eompres-
1144 1590 1147 1595 ·

58 1657 168 1696 surum.
189 1637 269 1694 Anu.
281 1638 346 1708 XV,
361 1640 409 1694 59.
439 1635 555 1716 Quanto
575 1636 751 1696 laudabilius
767 1641 945 1716 perituram,
967 1641 1035 1700 dum
1055 1643 1121 1703 am-

57 1719 192 1800 plectitur
218 1739 279 1776 rem
307 1718 468 1800 publicam,
503 1719 570 1778 dum
603 1721 719 1794 auxilia
752 1719 882 1778 libertati
913 1718 1036 1784 inoo'aat.
1074 1724 1121 1786 Cf.
1161 1720 1164 1724 ’
1189 1716 1199 1741 ’

51 1798 234 1860 Rauishorn.
256 1800 308 1858 Gr.
332 1799 358 1882 ξ.
383 1805 448 1858 186.
468 1806 496 1858 2.
516 1801 656 1883 Krueger.
672 1801 848 1860 Uutersueh.
870 1812 923 1862 etc.
949 1804 1029 1865 Fase.
1049 1808 1071 1866 l.
1089 1830 1120 1890 p.
1187 1829 1189 1832 ·

60 1883 102 1943 45
117 1904 160 1963 sq.
183 1882 217 1940 ll.
237 1904 265 1962 p.
287 1889 334 1941 78.
353 1881 444 1940 Kritz.
465 1880 499 1940 ad
520 1881 587 1966 Sall.
609 1880 671 1942 Cat.
697 1885 744 1957 14,
764 1888 790 1941 7.
811 1889 861 1958 27,
881 1888 909 1945 4.
931 1880 982 1965 50,
1001 1894 1030 1949 3.
1110 1952 1114 1957 .
1190 1908 1194 1913 ·
1298 1881 1302 1894 '

143 1980 289 2041 Achaiam
309 2000 417 2062 quoque
438 1987 467 2038 et
484 1977 607 2062 Asiam]
628 1979 764 2045 vecie.
781 1982 865 2042 Brut.
885 1989 933 2044 91.
1051 1989 1056 2005 “

145 2076 270 2140 omnium
288 2081 395 2138 artium
417 2059 677 2164 uarietatem],⁰Dc
697 2076 742 2138 his
762 2075 1009 2146 artibus'uberius
1030 2107 1121 2170 expo·
1183 2156 1190 2166 .

32 2174 33 2178 ’
59 2161 122 2224 suit
142 2161 340 2237 Quintilianus
365 2159 436 2220 loeis
467 2161 541 2221 inlra
559 2160 736 2236 laudandis:
772 2161 803 2221 iu
830 2162 998 2226 universum
1024 2171 1047 2244 l,
1072 2177 1121 2250 10,
1180 2212 1183 2221 .
1211 2176 1214 2180 ’

62 2251 138 2325 1sq.
159 2245 276 2304 Petron.
298 2242 383 2302 Satir.
403 2265 446 2324 ep.
467 2248 514 2303 55.
545 2240 604 2303 Cic.
629 2243 664 2325 de
687 2244 768 2303 Orat.
788 2247 809 2316 l,
832 2248 972 2320 cta-187.
1015 2251 1122 2315 Omnia

51 2325 140 2408 fere,
165 2345 241 2409 quae
269 2336 335 2385 sant
359 2328 491 2385 conclusa
519 2346 594 2384 nune
622 2326 750 2399 artibus,
778 2327 909 2407 dispersa
929 2343 957 2389 et
977 2332 1122 2415 dissipata

41 2408 206 2492 ,quondam
220 2406 359 2487 suerunt,
387 2417 418 2465 ut
444 2412 472 2466 in
493 2409 606 2466 musicis
632 2411 745 2467 numeri
764 2417 791 2465 et
821 2430 902 2468 ooaes
922 2424 951 2472 et
969 2416 1062 2486 modi,·
1090 2423 1122 2478 in

16 2529 19 2536 ·
59 2494 223 2568 geometria
245 2491 442 2563 lineamenta,
462 2487 599 2567 strrmae,
627 2490 798 2563 intervalla,
828 2495 1053 2570 magnitudines3
1091 2503 1121 2559 in

62 2574 224 2647 astrologia
247 2574 318 2650 coeli
338 2575 498 2642 conversio,
520 2580 616 2652 ortus,
644 2565 737 2628 obitus
758 2581 902 2654 motusque
919 2576 1061 2652 sid‘erum3
1090 2584 1120 2641 ip

59 2642 431 2734 grammaticis'poetarum
450 2654 661 2735 pertractatio,
689 2652 873 2712 ilistoriarum
895 2663 1034 2736 cognitio,
1057 2683 1121 2721 aar·

62 2739 163 2798 borum
185 2739 401 2816 interpretatio,
421 2733 634 2816 pronunciandi
650 2735 765 2817 quidam
786 2756 888 2808 sonus,·
914 2743 943 2798 in
962 2741 1020 2801 baa
1039 2743 1121 2805 deni·

60 2841 115 2904 que
141 2822 206 2900 ipsa
227 2819 339 2878 dicendi
358 2822 472 2876 ratione
492 2820 679 2891 excogitare,
709 2817 877 2899 disponere,
907 2843 1029 2901 ornare,
1058 2849 1120 2886 me.

62 2903 196 2975 minisse,
217 2907 323 2975 agere,
349 2904 449 2974 ignota
473 2899 618 2981 quondam
638 2899 774 2982 omnibusx
787 2911 816 2960 et
836 2900 943 2981 diffusa
963 2906 1022 2967 late
1042 2909 1121 2970 oide-
1198 2916 1205 2931 '

61 2985 176 3045 bantur.
444 3054 447 3058 Δ
471 2982 473 2986 ’
647 3021 651 3051 :
849 3033 851 3039 ,
894 2980 899 2994 ’
1079 3013 1081 3019 ‚
1138 3000 1140 3003 ·
1193 3045 1199 3053 .

108 3128 110 3132 .
142 3102 199 3140 non
215 3077 408 3160 geometriae]
431 3076 567 3138 Dialst.
589 3078 690 3156 Quint.
712 3080 736 3157 1,
758 3085 807 3156 10,
828 3083 867 3143 34
881 3103 923 3164 sq.
944 3084 981 3163 ll,
1000 3091 1050 3164 21,
1070 3095 1120 3152 29.

142 3164 285 3251 musicae]
314 3169 416 3249 Quint.
437 3172 460 3254 Ι,
483 3173 531 3244 10,
550 3175 671 3235 9-33,
773 3246 776 3253 .
1112 3205 1115 3210 ·

57 3250 64 3257 ⁴
140 3259 368 3342 grammaticae]
398 3259 501 3334 Quint.
521 3259 543 3336 l,
564 3255 666 3320 448.
687 3261 723 3333 ll,
748 3263 775 3332 1,
796 3262 869 3341 4sq.
957 3313 964 3336 ¹

141 3349 328 3432 dialecticae]
358 3351 460 3427 Quint.
479 3351 543 3425 Xll,
559 3356 592 3425 γ2,
615 3355 661 3425 13.
683 3346 742 3408 Cic.
765 3347 845 3410 Orat.
865 3355 905 3410 32
924 3361 954 3412 et
973 3358 1021 3414 33.

141 3444 261 3503 moralis
286 3445 381 3522 partis
408 3436 579 3521 utilitatem]
623 3428 683 3497 Ci'c.
703 3438 763 3497 Fat.
784 3445 813 3499 1.
846 3439 948 3514 Quint.
968 3443 1020 3518 vl,
1039 3449 1068 3517 2,
1089 3449 1120 3504 8.

60 3525 115 3587 Xll
149 3531 169 3585 2
205 3529 342 3583 15-20.
763 3554 766 3559 ν

43 3612 47 3618 “
118 3568 241 3665 ’rdrum
261 3615 353 3665 motus
373 3623 530 3687 causasque
550 3599 735 3682 cognouerat]
771 3602 796 3660 E
820 3598 892 3662 Cod.
912 3604 995 3662 Facu.
1015 3627 1120 3679 cogno-

10 3686 17 3700 ‘
52 3698 144 3755 ‘renat
164 3709 218 3770 pro
239 3687 317 3768 vulg.
341 3690 470 3762 cognouit
483 3683 576 3745 'Bekk
603 3684 699 3743 Boett.
724 3683 923 3760 WalthBach.
944 3686 1017 3768 Ritt.
1036 3706 1120 3746 rece-

61 3781 178 3855 perunt.
220 3771 297 3828 Haec
315 3770 464 3830 reserenda
487 3777 556 3827 sunt
577 3766 612 3825 ad
629 3765 838 3847 philosophiam
855 3765 1024 3843 naturalem,
1044 3788 1120 3848 quo·
1168 3785 1172 3791 ·

62 3855 140 3914 niam
158 3850 358 3934 philosophiae
380 3853 557 3912 Graecorum
577 3860 636 3908 tres
658 3859 752 3929 partes
781 3860 880 3907 erant:
905 3851 1009 3921 ἠθική,
1035 3855 1121 3910 beate·
1177 3909 1182 3921 ,

62 3938 135 4008 acad
160 3946 191 3995 et
218 3936 334 4010 φυσική,
369 3933 387 3992 ἱ.
411 3954 435 3993 e.
458 3929 639 4014 philosophia
666 3929 799 4003 moralis,
836 3929 982 3990 rationalis
1011 3942 1041 3992 et
1068 3955 1120 3992 na-

61 4017 174 4078 turalis.
201 4017 248 4077 vd.
277 4016 378 4090 Quint.
400 4017 464 4090 Xll,
494 4021 524 4088 2,
555 4018 600 4073 10.
635 4009 735 4072 senec.
763 4013 815 4092 Ep.
842 4016 890 4071 89.
927 4010 1062 4074 Ceterum
1084 4015 1121 4077 de

61 4099 214 4161 Ciceronis
242 4097 391 4178 disciplina
419 4109 449 4159 et
473 4093 656 4158 institutione
682 4093 720 4156 ci.
747 4095 909 4156 Westerm.
937 4095 975 4156 G.
993 4096 1022 4159 d,
1040 4117 1065 4158 r.
1084 4096 1140 4158 B,

61 4181 90 4266 §.
113 4189 161 4244 62.
732 4207 734 4211 ’
