2634 4656
510 233 706 318 capxut
1102 237 1145 293 aa

59 384 160 463 meus
188 390 260 464 dies
285 388 413 474 veniat,
450 402 643 488 statuarque
672 384 800 461 tumulo
832 413 899 457 oon
933 403 1091 481 moestus·
1112 401 1145 459 et

59 505 177 577 atrox,
214 490 275 563 sed
307 486 423 560 hilaris
450 504 482 561 et
507 504 704 572 coronatus,
741 501 772 558 et
797 512 860 586 pro
889 487 1047 565 memorio
1078 483 1143 557 mei

57 616 125 663 nec
150 590 303 663 consulat
327 584 505 687 quisquam
529 613 591 658 nec
617 601 735 684 roget.¹

59 760 118 833 sit,
148 760 179 821 in
202 781 262 843 qno
282 759 410 843 suspirio
431 782 447 820 a
465 758 513 842 pia
533 758 626 819 anima
648 757 774 819 orationi
795 755 920 818 Materni
940 757 1054 817 inserto
1073 778 1142 839 para

57 842 160 903 ticola
176 847 254 901 onim
282 864 317 903 ex
346 842 460 924 optimo
486 841 562 901 libro
593 840 721 921 reposita
736 845 743 860 ’
757 840 997 919 interpolatorem
1025 841 1144 920 prodat,

59 923 114 1005 qui
134 923 364 1005 interposuerit,
394 943 468 1002 quac
491 945 558 985 cum
585 922 695 987 ceteris
721 943 781 981 oon
813 922 988 981 cohaereant
1008 933 1037 979 ct
1064 920 1144 987 salua

59 1006 210 1067 sententia
227 1000 338 1066 ‘abesse
360 1004 495 1087 possint,
523 1014 554 1064 et
582 1004 632 1084 qui
660 1024 716 1084 pro
744 1026 795 1063 sna
824 1003 995 1062 latinitatis·
1019 1000 1142 1061 scientio

50 1084 166 1167 fatalis
194 1097 223 1145 et
245 1108 325 1146 meus
346 1085 497 1166 scripserit
523 1105 579 1166 pro
602 1095 732 1144 otiosus
752 1083 871 1163 fatalis.
915 1074 1008 1143 (lrell.
1029 1086 1143 1165 propo-

60 1167 138 1229 suit:
167 1168 348 1251 relinquere:
374 1167 548 1251 quandoque
571 1165 606 1247 (i.
626 1188 651 1226 e.
672 1178 702 1225 et
722 1163 854 1245 quando)
877 1162 987 1243 fatalis
1010 1175 1039 1224 et
1061 1170 1143 1223 meu's

59 1248 125 1309 dies
151 1253 261 1322 veniet,
289 1260 410 1310 statuar
429 1251 540 1308 tumulo
560 1259 615 1307 etc.
657 1247 794 1307 Forsitan
825 1247 908 1305 locos
937 1246 978 1306 slc
1000 1244 1143 1306 eonstitni

57 1324 171 1413 possita
192 1332 368 1415 relinquere:
390 1330 564 1414 quandoque
577 1331 654 1388 enim
669 1327 780 1407 satalia
800 1341 829 1390 et
851 1349 931 1388 mour
952 1328 1015 1387 dies
1033 1331 1143 1401 ueniat,
1176 1364 1181 1377 .

57 1420 180 1473 statuar
199 1425 255 1473 etc.

142 1498 318 1596 statuarque
342 1515 453 1575 tumulo
475 1536 533 1574 non
562 1525 691 1574 moestus
706 1524 741 1591 et
762 1525 872 1588 atrox,
901 1513 956 1573 secl
981 1512 1087 1571 hilaris
1112 1516 1142 1579 rt

57 1594 237 1679 coronatus]
265 1596 381 1657 Schola.
403 1595 522 1655 laudans
545 1596 733 1656 Kirclamann.
755 1597 791 1656 de
815 1618 847 1656 rc
861 1594 959 1655 funeb.
985 1596 1068 1653 llom.
1090 1593 1142 1667 lll,

60 1682 108 1737 16.
131 1676 277 1737 intellexit
304 1678 340 1736 tle
361 1689 455 1737 statua
474 1676 506 1736 in
534 1677 671 1756 sepulcro
698 1689 811 1746 erecta;
845 1676 942 1736 Hatris.
971 1687 1001 1734 et
1025 1672 1140 1734 Dronk.
1170 1746 1173 1751 Ι
1246 1756 1248 1760 ,

57 1759 95 1820 (le
120 1760 288 1840 sepultura;
316 1758 464 1819 Ecltstein.
485 1759 521 1818 cle
542 1758 766 1833 combustione,
787 1769 821 1817 nt
840 1758 904 1838 ipse
926 1777 986 1815 non
1008 1767 1139 1814 moestus

59 1851 89 1901 et
108 1852 214 1915 atrox,
236 1840 329 1920 qualis
352 1840 451 1905 vultus
473 1838 503 1898 ri
520 1838 742 1905 interfectorum
767 1860 832 1899 esse
855 1839 964 1911 soleat,
994 1837 1046 1895 secl
1068 1835 1141 1895 bila·

57 1921 100 1981 ris
122 1933 152 1982 et
174 1933 350 2002 coronatus,
372 1921 480 2003 quippe
501 1920 551 2001 qui
572 1943 625 1980 sua
645 1933 741 1982 morte
761 1920 887 1993 obierit,
909 1912 984 2000 rogo
1006 1917 1140 1998 impona-

58 2014 117 2063 tur.
159 2001 286 2063 Romani
313 2002 477 2077 defunctis,
507 2023 582 2082 quos
604 2003 720 2063 honore
740 2002 861 2063 allectos
886 2000 1061 2081 cupiebant,
1090 2007 1141 2058 ant

58 2104 184 2145 coronas
207 2083 382 2165 sepulcrales
404 2082 611 2164 imponebant,
631 2095 682 2143 aut
697 2095 764 2143 ante
781 2104 832 2143 eos
854 2083 885 2143 in
906 2082 1010 2141 itinere
1031 2079 1140 2145 ellere÷

39 2164 148 2239 bant,
186 2185 261 2244 quae
297 2163 463 2226 etiamnunc
491 2165 522 2224 in
553 2164 751 2226 monumentis
781 2163 990 2246 sepulcralibns
1020 2158 1140 2241 conspi-¹

58 2246 195 2307 riantur:
215 2246 264 2307 ul.
277 2244 466 2308 Kircbmarin.
485 2248 577 2322 t,tt.
617 2246 761 2328 Sepulcra‘
773 2267 891 2327 quoque
911 2254 1051 2305 coronata
1073 2240 1140 2302 iue-

56 2338 138 2389 rant.
157 2326 198 2387 ib.
218 2328 271 2403 Ν,
291 2333 320 2386 3.
383 2355 387 2375 =

73 2454 78 2461 ·
138 2441 236 2512 stpro
256 2433 398 2491 memorio
412 2433 471 2489 mei
484 2432 535 2490 nec
551 2431 686 2491 consuat
703 2433 857 2512 quisquam
876 2449 929 2491 nes
950 2425 1051 2509 roget]
1072 2428 1160 2488 Meo·

57 2515 235 2586 morioxmei
259 2511 390 2594 intellige
417 2511 454 2572 de
473 2510 588 2584 titulis,
617 2510 811 2592 imaginibus,
840 2509 962 2582 statuis,
993 2508 1138 2571 colomnis

57 2593 180 2673 aliisque
203 2592 350 2653 bonorum
374 2592 581 2653 monumentis.
623 2592 764 2650 cmsolm
782 2591 802 2649 i.
824 2613 851 2669 q.
871 2588 980 2650 reserat
995 2590 1030 2649 nt
1053 2610 1138 2649 sena-

16 2740 19 2749 ,
57 2686 138 2747 tum,
169 2695 259 2753 quem
285 2674 332 2734 bis
357 2672 693 2753 rebusinterponebaot
715 2671 772 2752 ipsi
800 2671 962 2753 principem
983 2677 1076 2745 'roget
1096 2692 1138 2733 sca

56 2755 152 2836 princi
192 2777 237 2828 m,
258 2777 327 2814 num
350 2753 434 2814 liceat
453 2754 575 2827 titulos,
606 2753 745 2836 imagines
764 2753 799 2814 al.
819 2753 850 2813 in
871 2751 1069 2813 monumentis
1089 2772 1138 2817 ses
1170 2804 1173 2809 .

56 2837 158 2917 pulcra
170 2837 236 2901 ibus
258 2857 378 2916 ponere.
420 2837 493 2897 Nam
515 2836 655 2895 memoria
676 2834 827 2894 bominum
849 2845 900 2894 aut
926 2835 1137 2897 condemnato-

56 2938 125 2977 rum
143 2928 214 2991 ant,
241 2918 309 2977 dnm
331 2917 482 2991 viverent,
504 2917 668 2976 invisorum
696 2916 809 2975 solebat
829 2915 968 2976 damnari.
1008 2915 1065 2975 vd.
1088 2917 1137 2974 ln-.

57 2998 120 3058 stit.
139 2998 177 3059 tls
197 2997 257 3058 iud.
280 2997 308 3079 ᾖ.
330 3004 358 3057 3.
380 3001 463 3057 cuius
479 3018 578 3078 praeno
598 3003 718 3057 animos
738 3001 924 3058 amissionem
945 3000 1086 3070 sentinet,
1107 3004 1137 3055 et

56 3083 203 3141 momoria
222 3083 268 3138 rei
287 3083 376 3138 etrum
402 3089 470 3158 post
492 3092 614 3140 mortem
634 3080 811 3147 damnatur„
844 3079 967 3138 Gruter.
989 3077 1136 3156 losctiptt.

55 3181 86 3243 p.
108 3158 262 3223 OECLlV.
283 3166 311 3222 2.
337 3158 402 3241 (cni
422 3174 576 3240 suspectus
597 3160 666 3240 est).
711 3163 752 3221 M.
773 3159 897 3220 Annaeo
917 3159 1040 3217 Lucano
1062 3157 1136 3221 Coc·¹
1191 3182 1197 3199 ¹

56 3241 180 3303 dubrnsi
204 3239 342 3320 benefida
364 3241 498 3302 -Ncrom's
510 3241 602 3321 samo
621 3253 801 3301 concavata.
844 3239 986 3319 Artemid.
1007 3241 1029 3311 l,
1050 3239 1137 3306 asir

54 3330 124 3399 penul
144 3326 288 3399 ἀποθανών
308 3330 377 3392 ἔχειν
396 3322 495 3399 ὄνομα.
524 3316 633 3392 τούῖους
657 3328 709 3400 yolp
730 3326 828 3397 μόνους
855 3329 883 3380 ἐκ
908 3326 1001 3398 νεκρῶν
1024 3326 1136 3389 tlu'msr

52 3406 90 3465 oti
109 3410 236 3469 καλοῦσιν
256 3414 283 3464 os'
304 3406 482 3482 προςήκοντες.
503 3405 551 3463 vd.
576 3405 711 3464 Gronov.
733 3404 768 3463 ad
790 3403 818 3463 lt.
838 3403 858 3462 l.
896 3404 1045 3462 Memoria
1065 3400 1134 3476 mei,

40 3492 92 3545 'ut
103 3489 150 3545 tui
162 3489 305 3545 momoria
328 3485 403 3545 Ano.
420 3487 443 3558 l,
456 3487 507 3545 43.
519 3485 611 3564 ,samu
629 3489 678 3544 sui
695 3487 730 3558 ll,
747 3487 792 3544 ts.
811 3483 923 3543 inuidia
943 3488 988 3543 tui
1004 3486 1053 3554 lV,
1072 3487 1134 3556 to,

56 3577 103 3629 est
130 3577 281 3627 structura
309 3565 413 3627 Tacito
433 3565 638 3640 usitatissima,
679 3566 714 3625 ‹le
728 3587 800 3644 *qua
820 3565 875 3625 ud.
896 3563 1042 3627 Boetticla.
1064 3566 1133 3624 laer.

54 3646 125 3709 Tac.
145 3669 175 3728 p.
195 3654 320 3727 208-sq.
351 3647 546 3708 nundinam.
567 3648 662 3707 lustit.
683 3645 750 3705 Vol.
771 3649 805 3705 ll.
826 3669 854 3727 p.
876 3653 924 3705 50.
957 3645 1133 3707 llamsborn.
1179 3680 1182 3687 ·

56 3729 112 3789 Gr.
132 3727 159 3809 ξ.
183 3733 251 3788 157.
271 3735 300 3789 2.
337 3730 440 3808 Praep·
457 3751 511 3810 pro
533 3749 618 3811 saepe
639 3727 768 3787 studium
789 3727 915 3807 partium
936 3725 1133 3798 et'commocli

54 3828 90 3875 er
112 3792 212 3883 rimit,
235 3809 415 3889 poniturque
435 3830 451 3869 a
473 3810 595 3884 Tacito,
622 3806 679 3869 nbi.
695 3808 744 3867 alii
763 3808 922 3888 scriptores
944 3806 1011 3866 solo
1033 3807 1132 3867 ‹lativo

51 3830 111 3951 -rel
128 3890 263 3971 praepos.
293 3890 329 3948 de
355 3901 489 3949 utuntur.
538 3890 614 3950 Hist.
635 3893 687 3964 lV,
708 3895 763 3953 58.
792 3910 940 3971 nunquam
969 3889 1051 3969 apud
1078 3911 1132 3951 nos

55 3972 146 4031 rerba
156 3969 225 4050 foci
241 3980 296 4029 out
313 3992 369 4052 pro
390 3973 468 4033 uoltis
486 3974 642 4042 sollicitior
661 3980 715 4029 out
731 3993 785 4053 pro
807 3991 853 4031 mr
871 3972 1009 4032 securior.
1030 3970 1131 4053 Agric.

50 4056 105 4131 te.
131 4072 186 4111 neo
213 4050 297 4113 uliud
322 4052 464 4112 aduersus
490 4054 687 4116 ualidissimas
706 4064 808 4129 gentse
834 4074 889 4137 pro
917 4053 999 4114 nobis
1023 4055 1131 4143 utilitia

53 4131 202 4211 Boetticb.
220 4132 292 4195 Les.
309 4133 379 4195 Tac.
402 4154 426 4205 a.
447 4156 510 4217 pro,
