2634 4656
491 242 570 323 Cap.
596 241 725 303 XVIII.
1072 242 1150 326 ι117

58 402 225 495 pressus,
258 393 319 467 sed
342 421 445 494 supra
471 393 608 467 modum
635 394 802 467 exsultans
828 410 861 466 et
884 392 1093 492 superfluens
1119 411 1151 468 et
1198 449 1201 460 .

60 522 186 594 parum
218 494 350 568 Atticus
386 493 561 567 videretur.
621 494 764 591 Legistis
790 493 906 592 utique
940 509 971 564 et
1004 493 1093 565 Calvi
1117 508 1175 593 el.

21 658 28 676 '
62 666 138 725 lium
169 663 371 744 reprehendit,
404 665 598 745 sillographos
633 667 765 725 imitatus
797 665 952 741 scriptores
980 661 1148 735 maledicas,

61 747 176 804 iudicio
198 746 355 804 doctarum
375 748 491 804 aurium
509 749 673 817 irtcasatur.
966 749 968 753 ’

53 886 57 891 ,
100 866 103 875 -
146 827 268 908 inflatas
291 836 319 883 et
339 823 469 907 tumens]
496 827 540 886 De
561 839 690 906 utroque
706 845 771 885 voc.
793 823 829 884 cl.
846 824 916 882 Ero.
933 823 1001 881 lex.
1020 823 1149 884 uehunt.

60 907 126 967 Las.
149 920 179 966 et
201 909 305 968 Graec.
331 929 353 965 s.
382 909 471 981 iprae.
516 908 620 983 Quint.
643 910 708 980 Xll,
736 914 783 980 10,
811 911 854 964 12.
883 905 1019 964 suuldus.
1053 908 1149 966 Hand.

60 989 174 1049 Lehrb.
196 989 222 1047 11.
244 991 304 1054 Lat.
325 988 397 1048 Stils
424 1011 451 1069 p.
476 993 543 1049 123.
574 989 637 1050 has*
652 987 899 1069 reprehensiones
928 986 1027 1065 potius
1058 987 1151 1048 refert

53 1071 99 1137 ¹ad
120 1071 279 1131 oratoriam
298 1070 357 1128 vim
379 1069 494 1130 dicendi
521 1090 606 1151 quam
628 1072 664 1131 ad
692 1091 785 1152 genus
816 1067 969 1128 sermonis.
1016 1070 1062 1128 De
1083 1091 1148 1130 voc.

30 1162 32 1167 ’
59 1173 183 1233 pressus
205 1153 309 1211 'vdad
331 1152 454 1211 1111112.
489 1152 655 1228 Quintil,
678 1158 706 1227 1,
730 1157 796 1211 102.
826 1154 921 1209 minsis
937 1150 1149 1230 pressus-dici-

59 1245 114 1293 tur
134 1236 275 1293 Seruilius
295 1233 456 1295 Nonianus.
478 1231 538 1293 Cic.
559 1235 643 1293 Brut.
668 1240 715 1310 13,
728 1237 785 1293 sl.
817 1232 948 1292 Asiatici
968 1242 1171 1291 oratores--.
1236 1296 1240 1303 ¹

57 1307 170 1396 piarum
188 1319 285 1396 pressi
303 1327 332 1374 et
351 1319 439 1374 itioris
458 1316 664 1375 redundantes.
1064 1346 1069 1353 ‘

146 1398 202 1456 sed
222 1418 313 1478 supra
342 1397 461 1455 modum
490 1400 642 1456 exsultans
666 1409 695 1458 et
719 1392 932 1479 superfluens}
956 1395 1062 1468 Quint.
1084 1397 1148 1466 XII,
1205 1404 1208 1410 ’

61 1483 112 1550 10,
138 1483 185 1538 12.
208 1479 375 1538 redundans
396 1489 424 1536 et
446 1481 605 1539 exsuitans.
628 1479 698 1539 lbid.
721 1480 758 1551 X,
782 1486 812 1551 2,
836 1483 882 1539 16.
902 1478 1068 1554 compositis
1093 1499 1148 1543 ea-

57 1562 208 1620 sultantes
235 1572 435 1640 opponuntur.
463 1563 538 1633 Vlll,
561 1567 590 1634 3,
613 1567 660 1620 56.
702 1560 782 1620 Il'am
806 1571 835 1618 et
860 1558 975 1617 tunu‘da
993 1568 1025 1616 'et
1054 1561 1149 1630 exilia

59 1653 90 1700 et
116 1643 293 1723 praedulcia
327 1653 356 1700 et
385 1641 568 1705 abundantia
600 1654 629 1702 et
656 1645 856 1717 arcessitalet
885 1641 1068 1698 exsultantia
1095 1640 1147 1701 sud

58 1724 140 1782 idem
161 1745 265 1783 nonren
286 1724 401 1782 cadant.
424 1721 483 1782 Cic.
505 1724 588 1781 Brut.
610 1728 660 1796 91,
682 1727 751 1782 316.
789 1722 819 1779 Is
842 1718 955 1802 (Molo)
977 1721 1058 1778 dedit
1079 1743 1147 1802 ope-

58 1815 178 1864 ram-
185 1849 195 1878 ,
217 1816 249 1862 ut
269 1810 356 1863 nimis
375 1804 574 1863 redundantes
589 1827 640 1863 nos
661 1815 690 1862 et
709 1804 918 1883 superfluentes
934 1805 1052 1860 iuuenili
1071 1824 1147 1882 qua-

58 1888 133 1946 dam
164 1887 279 1945 dicendi
305 1891 477 1967 impunitate
499 1897 528 1943 et
556 1889 672 1945 licentia
702 1890 874 1965 reprimeret
904 1895 931 1942 'et
952 1888 1037 1964 quasi
1057 1896 1148 1944 caetra

49 1972 144 2051 ,ripas
167 1966 333 2046 diffluentes
352 1977 504 2026 coerceret.
525 1967 577 2025 ubi
598 1990 625 2026 v.
649 1967 774 2024 Ellendt.
1008 2018 1010 2022 ,

145 2062 175 2109 et
194 2038 300 2130 parum
323 2047 455 2128 Atticus]
477 2061 506 2108 et
526 2038 635 2128 prmum
657 2053 792 2130 uertiquus
814 2044 907 2106 Codd.
928 2046 1013 2105 Facu.
1037 2047 1146 2107 Vaticc.

57 2132 125 2191 Par.
148 2133 236 2190 Vind.
254 2143 324 2189 vett.
345 2132 415 2188 Edd.
434 2134 570 2209 (parvum
587 2133 652 2188 Put.
668 2128 750 2208 niv.)
773 2141 802 2188 et
818 2128 899 2186 mult.
920 2139 1041 2186 recentt.
1066 2127 1148 2187 Cou-

58 2213 311 2273 firmari·vitletur
333 2211 402 2271 haec
423 2211 521 2283 lectio,
543 2212 625 2270 cuius
644 2211 838 2291 patrocinium
856 2223 1051 2289 susceperunt
1065 2213 1147 2270 Doe-

23 2331 29 2338 ·
58 2295 152 2368 deri,
173 2295 305 2368 Druck„
326 2292 445 2366 orell,
473 2293 620 2351 Eckstein.
647 2305 676 2352 et
696 2292 783 2351 Bacls.
812 2291 910 2350 verbis
939 2313 982 2371 cp.
1005 2299 1053 2350 22.
1096 2293 1148 2351 Ad

59 2377 230 2436 Ciceronem
252 2380 348 2450 aenio,
380 2379 427 2434 cui
446 2375 550 2437 eadem
575 2396 674 2454 pugna
701 2396 765 2433 cum
794 2373 967 2454 aequalibus
985 2377 1050 2432 'suis
1070 2374 1146 2451 suit,

48 2480 137 2539 'quae
159 2460 235 2517 milri
253 2458 394 2533 valiscum
416 2466 468 2513 est.
508 2457 560 2513 Illi
587 2461 662 2513 euim
691 2459 823 2535 antiquos
852 2455 1054 2527 mirulrontur,
1085 2460 1146 2534 ipse

56 2562 179 2599 sitorum
203 2550 363 2619 leomarum
382 2538 574 2617 eloquentiam
596 2537 800 2614 antepouelmt.
843 2538 925 2615 Aper
946 2536 1023 2594 enim
1045 2535 1145 2596 callide
1191 2591 1197 2597 .

58 2621 209 2692 ostendit,
233 2618 416 2689 Ciceronem,
439 2639 525 2695 quem
546 2617 688 2691 Messalla,
706 2616 831 2695 antiquis
848 2618 1032 2698 temporibus
1054 2617 1144 2676 ascri-

56 2703 137 2783 psit,
179 2701 346 2778 aequalibus
372 2698 432 2758 suis
465 2701 654 2778 antiquorum
683 2712 853 2774 oratorum,
882 2712 917 2758 ut
942 2698 1081 2771 Catonis,
1110 2697 1144 2758 C.
1174 2709 1178 2713 “

57 2783 184 2845 Graecis.
208 2782 390 2860 aliorumque
412 2781 541 2840 eiusdem
564 2783 683 2856 aetatis,
714 2781 958 2854 adusiratoribus,
982 2780 1083 2859 quiin
1106 2800 1142 2839 eo

55 2881 133 2924 utnon
155 2863 217 2945 (vd.
240 2865 309 2921 Ern.
323 2865 391 2926 Len
414 2863 510 2923 teclm.
532 2865 600 2944 Gr.)
624 2864 686 2924 sive
708 2869 859 2943 uetustatis
877 2867 1002 2923 colorem
1024 2859 1142 2940 (Frout.
1229 2915 1238 2922 .

47 2970 84 3026 .p.
107 2944 194 3023 243.)
217 2945 438 3025 desiderabant,
466 2966 572 3026 parum
593 2952 744 3029 arttiquum
766 2945 867 3006 videri.
918 2944 968 3003 Sic
989 2947 1143 3022 antiquum

47 3048 151 3109 genus
177 3026 293 3088 dicendi
315 3030 346 3087 in
367 3028 451 3087 laude
469 3028 528 3087 luit
556 3030 630 3108 apud
656 3024 924 3088 Rorrsanos‘aetatis
937 3024 1140 3104 posterioris:
1170 3068 1173 3073 -

45 3107 179 3195 dillopffl
224 3114 273 3186 .l,
299 3118 346 3186 16,
364 3110 395 3170 ’2.
417 3108 453 3168 de
474 3111 605 3190 Pompeii
627 3109 778 3168 Saturnini
806 3106 980 3186 eloquentia.
1024 3105 1142 3165 Actsuu

45 3196 111 3270 qli
237 3214 345 3274 raeque
366 3196 545 3261 sententiae,
572 3195 672 3265 grauis
694 3202 723 3263 et
741 3191 851 3248 decora
872 3190 1064 3260 constructio,
1091 3209 1140 3244 so-

45 3272 281 3337 &etatae-ta
311 3285 339 3332 et
368 3279 489 3355 antiqua
518 3272 587 3351 ibiq.
619 3272 700 3330 Gier.
729 3271 830 3330 Aurel.
851 3292 895 3350 ap.
917 3269 1020 3347 Fropt.
1040 3290 1068 3348 p.
1089 3270 1158 3324 50..

44 3352 223 3435 ffl'ltom.
264 3356 350 3417 stitit
374 3377 426 3429 ego
455 3376 591 3436 numnam
613 3355 744 3425 anitius,
774 3353 848 3410 nihil
874 3354 1038 3431 antiquius,
1067 3350 1142 3421 nihil

43 3434 218 3509 xdlditr'os,
240 3440 314 3496 nilril
332 3439 469 3496 Latinius
489 3438 555 3509 tegi.
595 3436 640 3492 Ex
661 3432 800 3515 Doedeql.
819 3432 1061 3512 interpretatione
1076 3431 1138 3488 Lat.

47 3518 133 3603 ¹Syn.
154 3513 222 3578 Vol.
246 3523 266 3578 l.
288 3542 315 3599 p.
340 3511 387 3577 9'9.
406 3540 514 3597 parum
533 3520 669 3596 antiquus
689 3515 707 3572 i.
729 3537 756 3593 q.
780 3514 932 3573 Graeculis
953 3535 1038 3592 quam
1060 3512 1137 3569 auti-

39 3601 125 3681 ·quis
147 3600 288 3669 Romanis
308 3599 440 3658 similior.
480 3599 581 3671 Quum
598 3594 703 3655 Cicero
723 3602 759 3653 se‘
775 3597 810 3654 ad
829 3595 1019 3653 imitationem
1042 3595 1136 3650 (irae-

56 3704 180 3754 corum,
203 3703 327 3760 quorum
347 3679 534 3738 institutione
556 3698 674 3756 quoqne
693 3700 765 3736 usus
787 3689 849 3751 est,
870 3675 1053 3745 contulisset,
1075 3694 1136 3732 ma-

54 3762 113 3823 luit
133 3784 184 3822 eos
206 3762 310 3820 imitari
332 3784 416 3841 quam
437 3772 552 3819 veteres
568 3761 771 3818 Rauranorum
793 3769 925 3816 oratores
947 3754 1084 3813 horridos
1105 3766 1136 3813 et

52 3844 218 3924 impolitos.
259 3843 337 3900 Mihi
353 3855 455 3902 eontra
474 3851 621 3921 praestare
648 3840 710 3899 visa
731 3851 776 3898 est
797 3835 960 3898 emendatio
984 3835 1086 3893 Ursini
1106 3848 1136 3895 et

52 3926 137 4006 Lips.
167 3935 196 3983 et
229 3946 337 4004 parum
363 3925 479 3983 Atticus
507 3920 629 4001 probata
658 3920 778 3980 Picben.
803 3922 942 3998 Gronov.
970 3919 1133 3976 Heumann.

52 4009 126 4066 Era.
148 4007 233 4065 Brot.
260 4006 373 4065 Schulz.
395 4004 485 4064 notk.
505 4001 651 4061 Boettich.
674 4006 750 4082 Rup.
777 4003 868 4075 Ritu,
898 3999 948 4080 qui
971 3999 1134 4073 annotavit,

53 4088 207 4169 quomodo
227 4086 342 4146 Atticus·
362 4084 512 4164 corrumpi
530 4083 672 4163 potuerit,
694 4104 729 4142 ex
751 4083 898 4144 scribendi
918 4080 1030 4140 ratione
1051 4092 1133 4139 veto-

51 4169 136 4231 ribus
159 4167 282 4250 probata
297 4174 418 4228 anticus
439 4185 607 4249 apparere,
617 4186 745 4244 quocum
765 4166 914 4227 consentit
930 4161 1079 4224 Ecksteiu.
1101 4161 1133 4223 in
