2634 4656
190 256 250 314 too
510 209 668 334 Dialogus
691 254 728 313 de
754 251 936 319 Oratoribus

188 437 225 481 ex
250 436 285 480 ea
309 403 584 504 loeum'oliquem
604 402 745 477 orationi
770 431 849 476 suae
872 404 1053 492 insereret,
1079 403 1116 477 in
1139 402 1268 477 eaelum
1311 482 1316 491 ,

154 513 157 517 ’
187 507 344 580 laudibus
364 504 542 576 serebatur.
591 506 661 577 Nec
685 503 823 575 mirum:
852 521 945 576 erant
965 505 1052 576 enim
1079 503 1160 575 haec
1183 530 1268 575 nova

189 686 392 747 converterat,
421 671 505 733 cuius
535 670 778 751 interpretatione
804 671 943 731 utebatur
962 671 1187 747 Quintilianus,
1215 692 1269 752 qna

189 755 430 818 verisimillimum
447 765 497 813 est
518 774 569 813 eos
586 765 687 812 auctos
709 765 756 825 et,
785 775 873 832 quum
894 753 1049 813 aridissimi
1070 765 1191 829 esseut,
1218 774 1268 821 eof

189 839 301 921 piosius
335 848 364 895 et
393 834 526 899 ornatius
557 834 703 915 expolitos
731 855 804 894 esse.
847 834 950 909 Quint.
978 834 998 894 l.
1018 834 1038 892 l.
1067 833 1096 917 ξ.
1120 840 1170 895 to.
1212 834 1270 894 Sed
1311 880 1314 887 .

190 919 365 1001 Apollodori
389 927 549 999 praecepta
577 920 672 991 magis
701 937 739 974 eor
768 917 917 997 discipulis
945 937 1121 991 cognoscas,
1150 938 1269 999 pronon
1304 932 1308 941 '

192 1002 429 1075 diligentissimus
456 1001 485 1055 io
520 999 626 1056 Latine
653 998 798 1056 tradendo
820 1002 883 1077 jacit
921 997 953 1056 C.
982 1000 1120 1073 litigios,
1158 998 1269 1057 Graece

191 1083 315 1143 Atticos.
355 1080 435 1140 Nom
457 1081 546 1158 ipsius
565 1081 629 1138 solo
649 1080 761 1140 oidetor
782 1078 841 1138 Ars
863 1079 944 1140 edita
964 1079 1007 1137 nd
1025 1081 1175 1152 Matium,
1204 1083 1271 1161 quio

192 1175 304 1223 ceteros
326 1165 415 1220 misso
444 1160 486 1217 ad
511 1162 673 1220 Domitium
703 1161 827 1240 epistola
855 1182 911 1218 non
938 1164 1079 1234 agnoscit.
1128 1158 1270 1221 Veneficii

192 1267 261 1323 reus
280 1243 373 1302 iactus
395 1254 424 1300 et
443 1243 605 1315 damnatus,
625 1241 692 1301 licet
711 1241 746 1300 ab
767 1240 872 1300 Asinio
894 1240 1030 1316 Pollione
1051 1240 1269 1316 defenderetur,

194 1325 354 1386 Massiliam·
372 1345 402 1383 se
424 1323 566 1396 contulit,
594 1323 645 1381 ubi
669 1322 843 1382 rhetoricam
864 1318 965 1382 docuit
985 1323 1103 1403 (Senes.
1128 1321 1276 1394 Contror,

196 1410 230 1478 ΙΙ,
257 1412 302 1466 13.
326 1429 354 1486 p.
379 1411 444 1463 180.
465 1403 544 1483 Rip.)
567 1417 596 1463 et
618 1411 657 1463 89
678 1425 770 1463 anuos
791 1415 876 1462 uatus
896 1416 1020 1463 mortem
1045 1403 1120 1464 obiit
1140 1403 1271 1484 (lintion.

60 1442 65 1453 x
167 1488 324 1549 'Macrob
346 1509 389 1566 cp.
413 1484 486 1566 23).
530 1482 574 1545 Cl.
599 1485 746 1567 Spalding.
769 1485 803 1543 ad
823 1485 970 1564 Quintl.
991 1485 1010 1544 l.
1038 1485 1212 1545 Weicbert.
1238 1486 1272 1546 de

196 1568 229 1629 C.
253 1568 335 1650 Valg.
359 1567 426 1627 ltus.
456 1578 534 1646 poet.
563 1566 593 1624 iu
620 1578 712 1647 poett.
741 1568 815 1625 Latt.
836 1566 919 1646 reliq.
947 1590 975 1647 p.
998 1572 1057 1626 233
1083 1589 1126 1646 sq.
1159 1567 1272 1627 Schott.

84 1648 94 1673 ⁶
196 1651 232 1710 de
255 1649 322 1710 clar.
344 1671 387 1729 ap.
409 1649 512 1708 Senec.
541 1647 652 1708 rhetor.
678 1671 715 1728 p.
744 1650 814 1708 400.
862 1642 1027 1717 blesterni.
1056 1649 1094 1709 G.
1128 1648 1157 1709 d
1189 1670 1215 1709 r.
1239 1649 1273 1709 B.

196 1731 214 1814 ἕ
278 1821 307 1870 ei
336 1814 364 1870 si
392 1815 454 1893 pois
481 1810 623 1871 odoratos
647 1811 863 1891 philosophiam
889 1811 1035 1873 rideretur
1052 1804 1170 1894 nique]
1183 1806 1187 1815 ¹
1202 1812 1275 1872 et-si

197 1897 260 1975 pois
281 1893 423 1953 odoratos
441 1893 656 1973 pbilosopbiqrn
687 1889 779 1952 Codd.
805 1894 875 1953 Pari·
888 1893 976 1953 Vind.
1004 1906 1075 1954 vett.
1096 1906 1128 1952 et
1153 1902 1273 1954 recenti.

197 1975 407 2054 Edd.·preetrr
427 1975 544 2032 llroter.
565 1973 678 2032 Drook.
702 1974 811 2033 Osann.
835 1974 926 2035 Orell.
949 1975 1042 2047 liitt,
1073 1975 1125 2054 qui
1152 1975 1276 2056 quodsi

197 2060 260 2139 pois
281 2077 297 2116 e
320 2054 413 2115 Codd.
433 2054 542 2113 Yaticc.
563 2066 745 2133 receperunt.
786 2055 876 2114 Belsk.
902 2077 918 2115 e
940 2054 1014 2116 Cod.
1035 2059 1140 2131 Foru,
1163 2056 1217 2116 nbi
1236 2059 1274 2115 oi·

199 2139 284 2196 cietur
310 2135 369 2216 (sic
391 2156 406 2194 o
428 2135 522 2192 collat.
543 2134 714 2215 Scbluttig.)
743 2135 805 2194 sive
838 2137 983 2196 rideretur
1010 2150 1125 2198 exstare
1152 2138 1214 2213 ait,
1237 2140 1275 2195 oi-

201 2220 319 2277 dorriur
339 2217 450 2297 primus
469 2217 596 2295 recepit,
627 2237 711 2294 quent
734 2218 826 2275 secuti
849 2229 918 2277 sunt
945 2222 1043 2278 Boett.
1065 2219 1188 2279 Wnlclr.
1207 2219 1275 2279 {titt

199 2299 303 2369 Bacb.;
334 2309 423 2379 otpoe
446 2298 545 2356 omiss.
577 2308 620 2356 est
645 2297 679 2356 ab
709 2299 814 2356 Heuni.
852 2299 985 2359 Oberlin.
1021 2299 1142 2381 lironlt,
1175 2298 1276 2376 Orell,

199 2381 282 2441 uocis
305 2380 409 2440 inclus.
429 2400 445 2437 a
467 2381 563 2459 ltup.,
591 2399 646 2458 pro
668 2399 727 2457 quo
758 2374 951 2461 uotiquom‘e
971 2382 1132 2441 coniector.
1153 2380 1276 2442 Seebnd

202 2461 332 2538 broulo,
356 2472 384 2520 et
404 2482 442 2520 ea·
464 2480 500 2519 ea
520 2460 644 2520 Forcell.
665 2482 688 2518 s.
709 2460 825 2520 odoror.
866 2461 998 2521 (ldorori
1015 2462 1112 2544 siguis.
1134 2462 1279 2523 rarissime

203 2545 230 2602 b.
253 2544 272 2602 l.
293 2543 311 2601 i.
333 2565 359 2622 q.
388 2542 566 2623 primoribus
595 2541 682 2601 labris
718 2541 840 2620 aliquid,
859 2543 1001 2625 attingere
1028 2543 1074 2604 vel
1104 2543 1202 2605 leuius
1229 2545 1278 2605 de·

108 2644 110 2649 ·
202 2637 340 2706 gustare,
361 2646 450 2703 quum
471 2645 487 2683 a
508 2623 626 2693 canibus
648 2624 786 2683 venaticis
808 2624 992 2703 desumptum
1015 2624 1049 2685 ab
1070 2624 1134 2684 aliis
1152 2626 1278 2707 scripto·-

202 2704 304 2780 ribus,
334 2705 475 2785 imprimis
499 2726 514 2763 a
535 2704 647 2778 Cicer.,
675 2704 798 2765 notione
819 2705 1014 2787 investigandi
1041 2706 1088 2766 vel
1110 2704 1279 2788 explorandi

202 2798 338 2866 portatur,
382 2789 465 2843 Verr.
494 2787 529 2864 ll,
556 2788 587 2859 4,
614 2791 660 2847 13.
710 2785 776 2865 Quo
802 2796 958 2867 postpoom
987 2798 1141 2863 ormi-out,
1170 2793 1280 2848 miron·

204 2869 272 2925 dum
301 2871 337 2947 iox
365 2867 481 2927 modom
517 2865 622 2946 (canes
659 2871 806 2925 venaticos
842 2862 970 2948 diceres)
999 2873 1043 2928 ito
1078 2870 1281 2929 odorabantur

204 2953 303 3008 omnio
324 2957 351 3006 et
371 2948 600 3022 investigabant,
628 2959 677 3020 ot,
708 2949 757 3006 uiri
775 2949 908 3042 quirpuid
923 2960 1016 3025 essct,
1043 2951 1144 3032 aliqua
1167 2956 1282 3011 ratione

201 3034 369 3109 'iuoeoireot
402 3032 451 3104 Ν,
480 3037 511 3103 2,
542 3032 590 3089 st.
640 3030 688 3088 Ad
723 3041 897 3089 seutentiam
926 3030 954 3090 h.
983 3030 1001 3088 l.
1043 3031 1080 3092 ci.
1109 3030 1171 3093 Cic.
1202 3033 1282 3093 Orat·

203 3120 255 3188 27,
277 3118 315 3172 os
337 3123 366 3170 et
386 3117 434 3170 oo.
652 3122 659 3127 ·
969 3156 972 3160 .

286 3195 382 3251 locoru
403 3191 547 3273 aliquem]
569 3192 666 3251 Locos
685 3191 703 3249 i.
726 3215 754 3271 q.
777 3191 925 3270 quaestio,
947 3212 1047 3267 causa,
1069 3215 1137 3273 pars
1160 3192 1282 3255 alienior

205 3273 355 3333 doetrinae
377 3273 593 3352 (llauptstiick,
616 3273 754 3347 blaterie,
776 3272 890 3348 Partie,
913 3273 1076 3355 Gedanlte).
1112 3273 1176 3336 cte.
1196 3276 1283 3337 Ture

204 3355 228 3424 l,
251 3359 301 3425 24,
324 3360 371 3412 57.
412 3353 460 3412 Eo
483 3377 537 3434 qno
561 3352 640 3431 effici
665 3356 723 3434 stult
743 3355 901 3430 Socrates,
923 3364 954 3412 oi
975 3356 1089 3415 discere
1109 3358 1187 3416 nibil
1203 3354 1286 3417 aliod

204 3438 320 3493 sitnisi
345 3436 507 3493 recordari.
555 3436 649 3515 Quem
677 3438 768 3495 Iocum
797 3438 887 3494 molto
914 3439 1004 3494 etiam
1033 3441 1206 3497 accuratius
1233 3458 1285 3498 et·

202 3518 315 3599 plicat..
335 3515 433 3575 Divin.
456 3518 490 3588 ΙΙ,
515 3520 540 3574 1.
561 3552 600 3565 -
642 3518 707 3575 bl'os
730 3528 791 3575 erat
811 3528 944 3576 veterum
965 3532 1137 3593 oratorum,
1160 3540 1197 3579 ex
1219 3538 1284 3579 ora-

204 3598 336 3659 tionibus
365 3597 464 3678 egredi
492 3596 633 3676 locosque
664 3619 832 3656 communes
863 3598 954 3656 lautos
983 3611 1012 3658 et
1042 3599 1212 3679 plausibiles
1239 3597 1285 3661 vel

207 3700 242 3740 en
265 3678 386 3738 bistoria
407 3678 456 3759 (ot
476 3679 587 3738 laudern
610 3678 724 3737 Siciliae
753 3677 812 3737 Cic.
844 3679 873 3737 iu
899 3683 984 3737 Vere.
1007 3682 1041 3752 ΙΙ,
1069 3681 1160 3759 loq.)
1182 3680 1230 3741 v'el
1251 3701 1287 3740 ex

208 3760 311 3819 sabulis
334 3759 382 3840 (ut
405 3773 477 3841 rapt.
497 3759 690 3838 Proserpinae
711 3781 739 3817 v.
760 3760 798 3817 ib.
822 3763 871 3833 Ν,
892 3759 956 3839 48.)
978 3759 1023 3818 uel
1044 3783 1079 3819 ex
1100 3761 1287 3842 philosophia

127 3873 130 3878 ⁷
208 3840 259 3921 (de
288 3841 421 3914 luxoria,
461 3840 592 3920 avaritia)
617 3841 813 3919 depromptos
839 3841 874 3900 iis
902 3837 1091 3922 interponere
1121 3838 1287 3903 art’couri-

207 3921 319 3980 liandos
349 3923 571 4001 probationibus
605 3922 665 3978 suis
693 3920 822 3994 iudices,
857 3921 1052 4003 mitigandos,
1089 3924 1287 3984 concitandos.

200 4002 286 4073 ,llaec
310 4025 375 4082 pars
404 4004 545 4071 orationis
573 4001 713 4081 appellata
741 4013 786 4060 est
806 4002 947 4075 digressio
977 4026 992 4063 a
1022 4003 1083 4063 Cic.
1113 4006 1149 4064 de
1180 4008 1241 4065 lnv.
1263 4005 1287 4077 l,

209 4087 270 4158 dl,
291 4083 447 4157 aQuiutil.
467 4087 605 4158 egressio,
627 4104 770 4157 egressus,
791 4104 928 4143 excessus
944 4085 981 4162 {u
996 4084 1071 4143 Dial.
1088 4088 1161 4164 22.],
1183 4106 1286 4147 excur-

208 4186 277 4240 sos,
298 4185 314 4224 o
335 4165 456 4225 Graecis
478 4170 659 4245 παρέκβασις,
681 4164 716 4224 de
739 4185 795 4244 qua
811 4163 846 4224 cl.
869 4166 972 4239 Quint.
993 4169 1044 4239 Ν,
1065 4172 1095 4226 3.
1135 4246 1142 4253 ³
1191 4184 1198 4193 ·
