2634 4656
328 198 360 293 yx
432 276 446 297 x
523 225 763 329 capim(
1079 236 1157 347 '149

78 398 147 473 slat.
199 397 286 472 Nolo
309 396 489 470 Corvinum
513 396 667 515 insequi,
692 392 770 494 quin
792 421 860 468 non
881 397 1071 497 peripsum
1089 413 1155 470 ste-

75 499 135 587 tit,
162 527 230 599 quo
255 499 367 573 minus
392 495 547 571 laetitiam
577 513 786 594 nitoremque
811 504 1002 570 nostrorum
1027 512 1156 596 tempo-

75 625 153 673 rum
187 599 401 700 exprimeret:
433 595 455 638 ⁴
476 596 498 639 ¹¹
528 596 728 683 viderimus,
765 595 800 667 in
834 611 994 696 quantum
1029 595 1155 669 iudicio

76 698 159 773 eius·
179 697 229 772 ris
252 715 309 771 out
334 695 436 771 animi
461 713 519 769 aut
542 694 670 795 ingenii
693 692 874 768 suffecerit.

139 866 290 952 ’insepuil
328 864 404 929 Disl.
425 867 454 928 t.
475 867 524 927 at.
544 863 563 925 i.
585 884 612 944 q.
633 860 786 934 insect‘ari;
819 862 863 924 eie
884 865 1003 939 agitare
1030 819 1157 925 Diatsst.

75 960 109 1012 et
142 956 283 1013 incessere
311 954 338 1009 5.
376 947 482 1023 Quint.
505 948 570 1023 llll,
585 951 623 1019 -1,
644 951 693 1005 22.
729 949 780 1027 qui
817 949 889 1006 uitia
916 949 1060 1007 orationis
1094 949 1157 1005 eius
1216 988 1220 996 .
1281 994 1287 1004 .

75 1037 170 1094 etiarn
191 1035 309 1092 inimice
325 1031 459 1112 pluribus
478 1030 552 1088 locis
570 1030 766 1109 inscqwntur.

160 1131 229 1213 quia
247 1129 313 1188 non'
326 1149 382 1210 per
400 1131 495 1208 ipsum
516 1121 614 1206 stetit]
649 1125 669 1183 l.
692 1144 718 1184 e.
747 1145 808 1185 non
830 1125 862 1186 in
891 1123 984 1206 ipsius
1010 1135 1158 1205 potestate

74 1210 156 1284 luit,
186 1231 259 1290 quae
272 1209 404 1269 formula
424 1208 629 1288 frequentatur
647 1224 663 1264 a
683 1205 785 1280 Livio:
808 1209 844 1282 ΙΙ,
866 1213 918 1283 32,
941 1212 968 1266 1.
988 1205 1058 1286 ibiq.
1081 1209 1157 1287 llup.

74 1292 153 1355 Plin.
166 1293 241 1379 Epp.
261 1292 314 1366 Vl,
327 1297 379 1365 38,
399 1295 427 1349 3.
448 1289 526 1373 quod
544 1308 602 1370 quo
623 1289 718 1346 minus
738 1289 891 1348 exhiberes
905 1311 961 1347 non
979 1298 1076 1370 perte
1096 1298 1159 1349 ste-

74 1378 122 1436 tit.
143 1373 226 1433 Suet.
245 1371 395 1455 Aug.'28·
414 1374 503 1454 puori
518 1372 683 1452 peripsum
703 1378 815 1443 staret,
836 1391 873 1428 ne
893 1370 1075 1429 redderetur.

158 1459 207 1504 Η
229 1462 403 1536 uiderimus,
433 1464 462 1519 in
483 1470 622 1543 quantum
643 1452 750 1519 iuclr'cio
771 1462 833 1520 eius
855 1462 897 1518 cis
917 1469 970 1517 out
990 1462 1085 1518 animi
1104 1469 1158 1519 aut

73 1546 188 1618 ingenii
203 1540 368 1624 suffecerit]
403 1543 441 1601 H.
454 1541 481 1601 l.
500 1541 532 1600 in
555 1539 648 1600 Codsl.
670 1552 828 1621 corruptus
849 1561 908 1599 rar.
929 1540 1090 1600 coniectus.
1112 1552 1158 1600 est

73 1635 206 1685 tentatus
228 1622 290 1706 (vd.
310 1624 381 1683 Etc.
403 1625 453 1682 tv.
473 1645 501 1703 p.
525 1628 592 1682 175.
611 1621 643 1679 in
665 1621 718 1680 Ed.
740 1618 891 1702 Schola),
919 1643 1041 1702 quarum
1059 1622 1159 1703 potio·

74 1727 125 1767 res
141 1717 255 1765 tantum
276 1703 471 1765 enumerabo:
493 1698 664 1776 ὠθήτω.
679 1706 708 1760 in
728 1723 808 1775 uum,
833 1703 938 1762 iudicio
959 1707 1021 1762 eius
1043 1707 1083 1763 vis
1104 1714 1157 1764 aut

74 1790 172 1857 animi
196 1798 250 1848 aut
277 1790 388 1862 ingenii
412 1783 562 1866 sufficeret
590 1782 683 1858 Codd.
709 1726 775 1842 l'ar.
798 1783 885 1842 Vinci.
907 1783 979 1843 Erltl.
1007 1795 1096 1859 vett,
1124 1784 1157 1845 it.

73 1865 191 1929 Dronk.
212 1868 323 1929 Osann.
348 1867 440 1928 Orcll.
461 1867 513 1927 sed
534 1864 680 1927 asteriscis
701 1876 768 1925 ante
784 1865 942 1924 su'clerimu's
962 1865 1084 1947 positis;
1115 1867 1157 1926 ci-

71 1950 206 2021 -derimus
224 1947 245 1991 *
262 1953 296 2007 in
317 1970 405 2032 quom
426 1983 464 1994 -
483 1944 634 2027 suffecerit
662 1946 740 2026 Lips.
763 1946 901 2022 Pichen.‚
930 1945 994 2008 sine
1015 1947 1156 2008 asterisco

76 2031 214 2091 Gronov.
237 2031 320 2090 Brut.
342 2031 414 2090 Ern.
433 2028 541 2101 Bekk.;
570 2027 726 2109 uiderimus
749 2027 958 2106 -suffecerit
986 2027 1085 2088 omiss.
1110 2050 1156 2090 vv.

74 2115 106 2172 in
127 2133 215 2196 quom
243 2123 273 2171 et
302 2114 344 2169 u's
365 2108 438 2171 cod.
459 2111 543 2169 Fam.
586 2107 793 2172 Coniecturam
822 2114 851 2169 in
879 2120 1019 2191 quantum
1040 2131 1056 2169 a
1077 2110 1180 2191 lips..

74 2193 112 2275 ¹¹¹,
127 2214 217 2274 marg.
242 2191 423 2272 propositam
444 2203 473 2251 ct
494 2189 643 2272 probatam
673 2191 781 2250 Murct.
808 2189 919 2251 Acidal.
941 2203 971 2250 et
991 2189 1156 2275 Schultiug.

74 2274 107 2335 in
127 2284 211 2333 textu
240 2285 406 2354 posueruut
433 2286 499 2333 curn
526 2272 642 2341 Schule.
669 2283 791 2331 recentt.
807 2271 992 2345 ‘Freinshem
1014 2273 1157 2333 emendat.

73 2359 145 2438 quia
164 2376 221 2415 non
240 2359 409 2436 peripsum
428 2358 543 2413 stetisse
564 2390 602 2403 -
626 2352 771 2412 uidemus:
793 2356 982 2435 inquantum
1002 2387 1042 2399 -
1064 2353 1156 2432 suffe-

73 2440 114 2497 cit
133 2457 200 2496 rece
221 2431 249 2494 ta
267 2448 341 2496 esta
359 2435 475 2496 Schule.
491 2433 623 2495 Oberlin.
633 2445 662 2492 et
672 2436 760 2512 Rup.‚
778 2431 836 2495 nisi
858 2435 938 2514 quod
954 2435 1000 2495 hic
1016 2434 1155 2510 videmus,

76 2551 114 2564 -
136 2458 287 2598 suffigeret
307 2517 434 2577 exhibet.
458 2515 604 2576 Boettich.
626 2513 743 2574 Walth.
770 2513 857 2574 Bach.
879 2527 1054 2595 receperunt
1076 2516 1161 2575 cide·

49 2587 185 2673 aimus,
214 2601 244 2656 in
273 2609 414 2680 quantum
435 2631 472 2644 -
494 2595 660 2675 suffecerit,·
689 2595 809 2654 eandem
832 2594 899 2655 lect.
927 2596 979 2656 sed
1006 2597 1154 2659 asteriscis

73 2679 141 2741 voci
170 2679 327 2738 uiderimus
354 2678 528 2760 praeposuis
557 2674 681 2738 Seebod.
711 2688 741 2736 et
760 2675 898 2753 'Ritter.‚
929 2697 1004 2757 quos
1033 2690 1153 2738 secutus

72 2783 149 2822 sum.
191 2760 265 2820 Nam
292 2760 401 2840 aliquid
421 2759 565 2819 excidisse
594 2756 666 2817 mihi
696 2756 807 2819 duabus
831 2758 867 2818 de
887 2758 981 2819 causis
1001 2757 1155 2839 probabile

73 2843 209 2914 ridetnr3
237 2841 386 2923 primurn,
431 2842 490 2899 uod
511 2839 599 2900 uerba
623 2841 689 2898 nolo
710 2841 825 2921 insequi
839 2874 882 2889 -
902 2841 1058 2901 viderimus
1079 2841 1154 2902 male

72 2923 172 2984 vincta
185 2943 218 2983 se
232 2922 392 3004 excipiunt,
412 2864 527 2998 icium,
547 2921 627 3002 quod
641 2918 758 2996 Cicero,
779 2943 794 2980 a
816 2942 875 3002 quo
897 2922 994 2983 sidero
1013 2923 1154 3003 trequen-

73 3003 130 3065 uri
150 3003 246 3077 solet,
263 3011 421 3085 'nunquam
443 3003 471 3062 id
492 3004 589 3078 uude,
618 3001 669 3062 sed
691 3023 806 3083 semper
826 3003 921 3064 addita
941 3003 1082 3085 particula
1102 3016 1154 3066 aut

72 3084 213 3145 adverbio
232 3096 364 3166 usurpat.
401 3085 527 3166 Republ.
548 3087 585 3159 ll,
606 3088 633 3143 9.
661 3084 739 3167 quod
764 3093 892 3167 quentiae
911 3083 1009 3162 fuerit
1028 3087 1155 3147 utilitati

69 3178 137 3249 post
156 3165 262 3226 sidero.
277 3187 322 3246 pr.
334 3164 412 3226 Cael.
424 3171 469 3226 15.
485 3167 539 3226 sed
555 3165 652 3225 videro
666 3166 722 3227 ltoc
733 3168 897 3247 posterius3
917 3164 952 3226 de
971 3166 1151 3242 Orator.lll‚
1167 3184 1169 3186 ·
1256 3215 1261 3218 .

75 3253 124 3321 10,
146 3253 195 3307 37.
223 3267 292 3305 nam
322 3248 358 3315 cle
385 3251 502 3307 c'rctione
526 3257 595 3328 post
621 3246 728 3306 nidero.
760 3247 849 3306 Tusc.
869 3249 905 3320 ll,
930 3251 978 3322 tu,
998 3253 1047 3307 26.
1089 3247 1153 3307 Sed

29 3380 36 3401 ,
72 3328 345 3389 toennensem.
374 3329 461 3388 Acad.
485 3330 520 3403 ll,
535 3331 592 3403 ⁹24,
614 3332 661 3386 76.
712 3325 793 3407 Quid
813 3330 957 3388 incentum
978 3331 1035 3402 sit,
1059 3328 1150 3410 paulo

30 3471 33 3478 ,
69 3419 138 3491 post
157 3410 263 3487 uidero.
287 3409 327 3470 lb.
348 3411 399 3483 44,
424 3416 498 3469 135..
514 3420 591 3470 recte
610 3428 730 3470 secusne
751 3409 830 3468 nlius
849 3410 1014 3470 uiderimus.
1055 3410 1150 3492 Equi·

73 3491 139 3551 dem
158 3489 288 3551 lacunam
314 3491 484 3571 explendam
507 3510 614 3551 censeo
634 3511 681 3548 vv.
700 3489 755 3548 sed
772 3511 859 3566 mou,
879 3503 909 3552 et
930 3492 1085 3572 periodum
1105 3491 1149 3552 sic

32 3590 44 3637 .·
71 3571 239 3633 constituo:
276 3571 354 3646 Nolo
376 3572 530 3633 Corvinum
556 3574 683 3653 insequi,
712 3574 782 3653 quia
801 3607 840 3620 -
862 3577 1059 3652 exprimeret.-
1093 3570 1149 3634 sed
1226 3623 1234 3641 „

72 3675 141 3715 mom
163 3653 336 3727 viderimus,
356 3657 385 3712 in
404 3665 544 3735 quantum
560 3687 597 3697 —
618 3650 774 3729 suffecerit.
815 3653 953 3712 Formula
975 3653 1072 3731 videro
1091 3665 1146 3714 etc.

70 3735 161 3796 clere
182 3733 307 3808 dicitur,
336 3756 421 3814 quam
448 3734 524 3794 seris
551 3731 788 3795 consideratione
815 3745 845 3793 et
872 3736 1033 3795 sententiae
1057 3736 1092 3795 dc
1113 3755 1147 3798 ee

69 3815 143 3878 latae
169 3815 418 3897 pronunciatione
445 3815 494 3875 vix
522 3815 636 3897 diguam
661 3813 840 3889 iudicamus,
877 3816 928 3875 set
949 3837 1052 3895 quam,
1079 3827 1146 3878 tau·

70 3919 156 3979 quam
176 3895 226 3956 uix
246 3917 352 3977 operae
371 3896 499 3979 pretium
517 3897 556 3956 sit
574 3893 742 3978 diligentius
761 3917 823 3955 eam
835 3908 973 3957 excutere
992 3909 1022 3957 et
1040 3898 1148 3959 leviter

68 3998 244 4062 percurrere
269 3977 411 4052 sufficiat,
442 3976 622 4059 seponimus.
670 3973 715 4037 Cl.
742 3977 845 4037 Matth.
877 3978 999 4049 Ercure.
1028 3980 1064 4040 de
1091 3980 1146 4040 lut.

69 4071 161 4121 exact.
183 4057 314 4119 Latinos.
339 4060 374 4120 ad
402 4059 470 4120 calc.
499 4060 551 4119 Ed.
573 4056 636 4119 Cic.
655 4052 719 4116 Vll.
739 4070 825 4118 oratt.
847 4081 875 4141 p.
896 4064 955 4120 237
976 4083 1020 4140 sq.
1055 4063 1087 4120 F.
1108 4061 1146 4122 l„
1213 4127 1215 4131 Α
1270 4146 1274 4157 ¹

68 4139 235 4203 Heinichen
258 4126 299 4202 ¹sle
326 4139 420 4203 loturi
448 4140 540 4202 exacti
566 4151 597 4202 et
621 4138 814 4202 formularum
841 4141 957 4216 nidero,
988 4153 1021 4203 tu
1041 4142 1146 4203 sideris
