2634 4656
452 268 558 355 gosp.
580 268 705 334 XXIX.
790 300 793 304 ³
1066 278 1129 341 195
1170 301 1173 307 ·

37 388 244 510 ’ἆὶοαοῐῐυῐὴ
270 402 332 524 per
356 450 442 524 quae
465 424 622 526 paulatim
648 420 852 524 impudentia
876 405 992 526 irrepit
1014 445 1050 505 et
1073 431 1127 505 sui

58 520 224 622 alienique
253 540 468 625 contemptus.
525 527 595 597 lam
626 552 702 597 vero
730 525 864 625 propria
893 542 924 598 et
947 528 1127 627 peculiaria

59 621 161 693 holus
196 622 293 722 inlus
319 625 396 698 vitia
423 654 529 726 paene
552 624 588 698 iu
621 640 724 697 utero
748 625 859 733 matris
885 626 1014 728 concipi
1044 628 1125 703 mihi

59 809 112 860 tur
132 811 178 859 ost
197 799 361 875 vorlautes,
382 799 554 861 naseweises
575 800 709 875 Wesen,
733 802 855 862 lasciuia
875 803 1136 886 Ungezogenheit.

60 882 157 956 Quam
180 894 279 947 autem,
295 882 359 943 lect.
387 884 518 944 libertati
538 881 675 942 exhibent
696 881 788 944 Codd.
809 885 872 943 Par.
898 885 982 944 Vind.
1004 897 1034 945 et
1054 883 1142 948 cett(-
1168 954 1172 962 ⁸

57 963 143 1036 Edi,
167 986 256 1044 quum
278 966 398 1024 libertas
410 986 464 1045 per
482 986 514 1024 se
536 962 565 1023 in
583 962 654 1023 ‘vitio
675 985 735 1025 non
755 978 882 1048 ponatur
900 986 916 1027 a
937 966 1056 1040 Latinis,
1076 968 1123 1029 lo-

60 1067 127 1129 cum
156 1045 260 1106 habere
281 1069 340 1106 non
359 1069 448 1128 posse
470 1057 570 1106 contra
591 1047 724 1106 Gronov.
746 1047 764 1107 l.
786 1048 803 1107 l.
823 1048 958 1131 probavit
976 1049 1123 1135 Eekstein.

139 1171 192 1230 per
211 1172 285 1232 quae
302 1154 448 1234 paulatim
468 1149 646 1232 impudentia
666 1144 791 1290 irrepitqJ
821 1151 846 1210 Α
867 1150 976 1212 latinis
998 1153 1124 1234 scripti,
1158 1194 1161 1201 -

58 1241 96 1291 ut
116 1252 130 1289 a
150 1230 305 1307 Sallustio,
335 1233 436 1294 Tacito
458 1233 512 1307 al.,
536 1243 606 1313 post
634 1231 715 1313 plura
737 1254 770 1291 su
793 1233 925 1293 stautiva'
940 1233 1056 1317 generis
1076 1236 1122 1297 le-

57 1311 162 1372 minioi
182 1316 373 1395 praedicatum
395 1328 445 1376 aut
464 1335 645 1396 pronomen,
680 1313 705 1375 si
723 1312 828 1394 plurali
848 1314 985 1390 effertur,
1012 1338 1122 1399 genere

57 1406 167 1455 neutro
189 1396 324 1477 ponitur;
352 1397 401 1478 qui
423 1420 495 1458 usus
518 1395 655 1476 loquendi
675 1395 750 1476 apud
777 1397 910 1459 Graecos·
927 1419 1044 1479 quoque
1065 1400 1121 1461 olr-

55 1474 142 1537 tinet.
183 1478 298 1539 Sallust.
317 1477 378 1540 Cat.
397 1483 427 1555 5,
449 1486 477 1539 7.
514 1467 695 1553 Agitabatur
713 1481 809 1560 magis
834 1483 982 1563 magisque
1010 1484 1039 1541 ia
1058 1481 1122 1545 dies

10 1574 13 1579 “
58 1559 283 1640 animasserox,
301 1565 398 1642 inopia
411 1566 457 1621 rei
463 1561 628 1639 familiaris
642 1571 670 1619 et
684 1563 859 1621 conscientia
870 1563 1025 1642 scelerum:
1045 1583 1121 1646 quae

58 1651 185 1723 utraque
205 1645 250 1702 Itis
271 1643 383 1703 artibus
403 1653 548 1718 auxerat,
574 1663 649 1724 quas
667 1663 758 1722 supra
783 1648 944 1702 memoravi
967 1666 991 1705 c·
1019 1657 1120 1709 annot.

57 1722 143 1784 Febr.
170 1725 237 1786 Tac.
257 1725 334 1784 Hist.
353 1727 400 1799 itt,
423 1730 469 1785 to.
487 1742 600 1807 'pacem
628 1733 658 1782 et
687 1725 887 1798 concordiam,
915 1729 997 1785 victis
1023 1729 1120 1804 utilia,

59 1806 211 1866 victoribus
233 1809 356 1888 pulchra
383 1828 452 1866 esse.
485 1806 582 1867 Pabst.
609 1805 670 1866 Eel.
698 1805 765 1865 Tac.
786 1828 814 1887 p.
835 1811 903 1866 325.
931 1807 1034 1882 Quint.
1055 1810 1119 1884 Vll,

58 1891 92 1963 4,
113 1892 161 1947 31.
188 1892 236 1947 ira
256 1900 285 1949 et
306 1894 458 1949 concitatio
469 1887 573 1967 furori
592 1898 659 1948 sunt
682 1888 799 1946 siurilia.
821 1887 868 1947 vd.
889 1889 1023 1950 Bonnell.
1043 1891 1120 1963 Pro·

56 1968 135 2053 legg.
159 1971 195 2030 ad
222 1971 290 2031 Lex.
320 1972 422 2052 Quint.
454 1994 480 2053 p.
509 1971 585 2029 XVI.
616 1967 786 2031 Ruddiman.
816 1970 887 2029 lost.
914 1971 947 2031 Ρ.
968 1973 1001 2031 ΙΙ.
1029 1994 1056 2055 p.
1078 1981 1119 2038 30

57 2056 158 2113 -35.
199 2053 244 2112 De
265 2054 384 2114 Graecis
413 2055 458 2112 vd.
478 2054 568 2133 Popp.
592 2052 725 2133 Prolegg.
753 2049 784 2110 in
803 2050 937 2136 Thucyd.
958 2052 1025 2115 Vol.
1044 2056 1064 2114 l.
1086 2056 1120 2116 P.
1146 2072 1150 2082 “

56 2135 79 2195 l.
102 2141 130 2215 p'.
155 2139 210 2194 106
225 2147 254 2194 et
270 2137 338 2196 374.
359 2136 460 2195 lllatth.
482 2136 535 2194 Gr.
555 2133 582 2216 9.
603 2139 672 2194 439.
693 2149 732 2182 ‘-
770 2133 877 2216 Irrepit
895 2155 936 2195 sc.
956 2135 986 2196 iu
1006 2136 1119 2199 animos

55 2214 255 2299 parvulorum.
302 2218 433 2277 Tacitum
452 2216 636 2299 frequentare
656 2235 811 2296 arrepere,
838 2219 967 2298 irrepere
986 2224 1016 2279 et
1035 2219 1120 2280 obre·
1154 2228 1170 2242 ·“

54 2319 128 2381 pere
155 2298 251 2382 signis.
279 2300 415 2360 translata
441 2299 607 2360 observavit
624 2300 722 2358 Boett.
742 2298 810 2356 Lex.
831 2296 898 2358 Tac.
917 2322 948 2378 p.
967 2302 1016 2361 43.
1057 2301 1121 2364 Nec

57 2380 176 2441 silentio
202 2382 472 2462 praetermittendus
494 2403 564 2440 usus
591 2379 740 2438 absolutus
768 2377 853 2437 huius
875 2379 977 2455 verbi,
1007 2381 1043 2442 de
1063 2404 1120 2464 qna

57 2464 269 2528 consuetudine
289 2464 382 2525 'faciti
408 2463 494 2523 verba
508 2461 637 2545 lrelativa
658 2458 789 2519 absolute
807 2459 936 2539 ponendi
956 2462 1002 2521 vd.
1021 2462 1118 2525 Pabst.

46 2545 121 2605 'Ecl
144 2547 210 2605 Tac.
231 2568 258 2626 p.
280 2552 347 2605 338.
377 2545 425 2605 Sic
445 2543 610 2623 Ptinxtipp.
634 2544 681 2616 ΙΙΙ,
700 2548 749 2614 20,
770 2547 797 2599 8.
832 2540 886 2600 Est
907 2545 980 2601 enim
1000 2548 1118 2624 pericu·
1223 2604 1224 2613 ,

57 2628 138 2702 Iam,
158 2649 193 2703 ne
213 2632 312 2687 tacitis
330 2626 480 2706 suffragiis
495 2625 674 2705 impudentia
693 2627 812 2704 irrepat.
854 2624 899 2683 De
919 2625 1118 2701 sententiael'.

39 2708 128 2773 libid.
150 2711 226 2784 VIll,
246 2716 296 2783 23,
321 2717 398 2789 2sq.
432 2709 475 2768 ad
501 2709 556 2766 Itac
584 2710 628 2765 ita
655 2726 701 2764 me
729 2704 887 2781 diligebat,
924 2708 968 2765 ita
999 2708 1118 2768 careba-

57 2801 126 2868 tur,
157 2803 189 2851 ut
215 2814 261 2852 me
279 2790 445 2870 formatore
471 2811 599 2863 mearum,
629 2808 674 2846 mc
703 2789 790 2868 quasi
814 2791 954 2862 magistro
980 2799 1117 2859 uteretur.

56 2875 173 2936 Rarum
193 2875 245 2935 Irae
272 2877 301 2932 in
328 2873 554 2934 adolescentibus
579 2873 693 2929 nostris.
739 2868 818 2930 Nam
838 2874 1054 2954 quotusquisque
1076 2875 1121 2934 cel

58 2961 156 3017 aetati
173 2959 293 3017 alt-erius
312 2957 357 3015 rel
375 2958 549 3037 auctoritati
570 2963 601 3012 ut
619 2955 712 3010 minor
724 2951 834 3010 cedit?
868 2953 975 3010 Statim
990 2957 1118 3035 sapiunt,

56 3043 158 3099 statim
186 3043 277 3099 sciunt
304 3042 419 3098 carnia:
452 3040 594 3096 neminem
623 3043 771 3110 careatur,
799 3036 953 3094 imitantur
977 3040 1118 3097 neminem
1176 3043 1182 3059 '

55 3131 145 3204 atque
167 3124 224 3202 ipsi
237 3121 294 3180 silri
310 3122 444 3202 exempla
467 3128 541 3178 sant.

139 3229 187 3285 sui
199 3227 343 3307 alienique
362 3219 556 3303 contemptas]
576 3220 625 3280 sic
647 3216 719 3279 Cod.
738 3221 841 3292 Foru,
862 3238 953 3299 equo
968 3217 1023 3279 ium
1037 3217 1117 3303 Lipc.
1157 3266 1160 3274 .

56 3307 144 3368 tacite
173 3310 313 3389 alienique
341 3306 372 3366 in
402 3305 494 3367 Codd.
519 3306 583 3364 Par.
613 3300 698 3360 Vind.
726 3312 755 3359 et
775 3309 845 3360 vett.
874 3300 946 3359 Edd.
979 3301 1119 3367 omissum

10 3450 13 3455 .
56 3389 184 3470 recepit:
212 3412 295 3469 quam
322 3389 449 3449 lacunam
471 3399 579 3447 temere
599 3382 798 3443 restituerunt
825 3381 936 3441 Dronk.
959 3395 988 3442 et
1008 3384 1117 3447 Osann.

10 3458 12 3467 ¹
56 3473 201 3553 Perpetua
221 3484 265 3531 est
285 3460 354 3547 haec
374 3469 521 3553 oppositio
545 3479 578 3528 et.
597 3468 724 3524 alienum
741 3463 768 3522 h.
785 3464 1026 3545 leomplectitur
1045 3466 1118 3527 alio·
1151 3480 1154 3483 ’

47 3576 124 3615 ‘rum
150 3575 197 3614 res
221 3565 251 3613 et
277 3574 434 3634 personas,
462 3563 497 3611 ut
523 3543 612 3610 recte
630 3545 779 3606 annotavit
799 3544 899 3613 Orell.
918 3546 985 3609 Sall
1007 3547 1069 3610 Cat.
1089 3553 1117 3610 5.

56 3638 149 3697 alieni
167 3647 321 3717 appetens,
342 3640 388 3694 sui
406 3632 549 3718 profusus.
578 3628 681 3705 Quint.
703 3631 737 3700 II,
761 3630 791 3701 7,
811 3633 838 3686 3.
881 3627 913 3688 Ν

55 3718 169 3778 cabitur
195 3723 294 3776 acrius
314 3723 456 3778 memoria
475 3718 572 3775 aliena
597 3698 915 3791 complectendo'quam
934 3730 997 3768 sua.
1027 3714 1066 3786 X,
1088 3716 1117 3788 1,

911 3649 960 3692 am
981 3640 1009 3688 et
1032 3651 1118 3690 eaer-
1222 3686 1225 3691 .

61 3806 128 3860 tao.
170 3785 273 3859 ‘Valles
301 3805 374 3859 enim
400 3822 452 3859 sao
481 3799 592 3872 ingenio
620 3792 744 3865 dixisse,
774 3792 868 3851 alieno
896 3791 1007 3851 iudicio.
1043 3793 1117 3854 Plin.
1192 3809 1197 3814 ’
1221 3869 1223 3879 Ι

55 3883 130 3964 Epp.
152 3884 189 3958 ll,
201 3888 259 3956 .13,
280 3890 308 3942 8.
348 3882 427 3944 Nam
444 3883 494 3964 qui
503 3878 634 3958 sortasse
647 3875 689 3933 de
708 3874 803 3933 alieno
820 3872 1010 3948 negligentes,
1040 3887 1119 3937 certe

55 3965 166 4025 desua
186 3965 337 4040 diligentes
357 3974 447 4023 erunt.
475 3964 520 4022 De
540 3981 573 4021 re
591 3958 627 4018 cl.
648 3955 708 4017 Cic.
730 3953 790 4016 Oli.
811 3955 834 4029 l,
855 3959 903 4014 28.
943 3953 1119 4020 Adhibenda
1156 3984 1159 3991 ·

39 4058 102 4107 ‘est
118 4051 210 4122 igitur
229 4048 373 4130 quaedam
391 4047 561 4105 reuerentia
586 4039 724 4100 aduersus
750 4037 878 4107 hanzines
897 4046 926 4096 ei
945 4042 1048 4120 optimi
1068 4037 1138 4102 cu?
1171 4100 1172 4104 ,

53 4133 159 4213 iusque
181 4139 210 4189 et
228 4133 428 4214 reliquorum.¹
455 4127 534 4187 Nam
547 4125 710 4200 negligere,
730 4118 800 4202 quid
811 4118 848 4181 de
865 4136 898 4178 ee
917 4123 1034 4204 quisquc
1051 4143 1117 4184 sen·

53 4215 133 4289 tritt,
151 4233 207 4274 uon
225 4214 317 4275 solum
339 4204 658 4295 arrogantic,est,.·sed
677 4203 791 4266 omnino
812 4199 976 4271 dramati«,
1005 4227 1024 4277 g
1072 4248 1087 4284 Χ
1168 4229 1177 4253 e

851 4294 927 4358 W*
