2634 4656
192 279 255 340 146
518 276 676 360 Dialogus
695 278 735 338 de
759 274 946 338 Oratoribus

188 460 254 534 qua
291 431 449 530 antiquus
482 447 540 503 est.
591 428 836 502 concedamus·
855 453 936 500 sane
970 426 1007 499 C.
1043 425 1198 515 Caesari,
1226 441 1266 499 ut

186 550 325 633 propter
346 529 609 626 magnitudinem
634 528 872 621 cogititionum
893 545 926 600 rt
949 525 1187 626 occupationes
1210 552 1266 597 rc·

185 660 260 704 rum
286 632 321 703 in
348 628 535 727 eloquentia
560 656 628 699 non
656 626 814 714 effecerit,
826 654 927 725 :quae
946 626 1094 697 divinum
1120 624 1193 698 eius
1211 624 1265 696 in-

186 731 321 828 genium
344 726 551 829 postulnbat,
575 744 640 799 tam
667 725 809 798 Hercule
844 753 943 823 quam
977 726 1120 797 Brutum
1152 721 1264 823 philo·

184 829 323 927 sophiae
346 854 426 899 suae
444 825 677 925 'relinquamus
696 835 786 915 (iram
812 825 848 896 in
870 823 1080 898 orationibus
1099 823 1264 897 minorem

88 929 93 943 '
185 954 259 999 esse
284 928 369 998 lama
397 929 457 997 sua
491 926 588 996 etiam
621 923 839 995 admiratores
867 924 941 997 eius
975 923 1161 1013 intentari:
1196 919 1264 992 nisi

184 1025 271 1098 sorte
306 1026 483 1124 quisquam
521 1041 577 1096 aut
607 1024 758 1094 Caesaris
786 1050 848 1123 pro
881 1022 987 1096 Decio
1021 1019 1172 1093 Samnite
1194 1033 1291 1092 ‘aut'

185 1203 343 1263 Cacozeios
369 1211 398 1260 et
418 1205 602 1283 antiquarios
622 1211 654 1260 ut
674 1201 787 1259 diuerso
805 1220 913 1275 genae
933 1203 1051 1259 vitiosos
1072 1201 1146 1281 pari
1163 1197 1263 1259 studio

183 1289 298 1366 marcuit.
326 1286 425 1343 luvcn.
439 1287 497 1358 «Vl,
518 1285 587 1343 454.
622 1283 796 1364 Igntttosque
818 1284 892 1340 milri
909 1292 987 1340 tenet
1005 1285 1178 1363 antiquaria
1198 1301 1264 1338 oer-

183 1388 241 1426 sus.
284 1365 413 1439 Quinam
436 1363 466 1423 iri
486 1364 641 1445 antiquarii
669 1364 718 1445 (ut
740 1362 853 1423 Gellius
877 1375 906 1423 et
926 1364 1055 1441 Fronto)
1083 1360 1197 1422 inerint
1217 1360 1264 1420 di-

183 1468 247 1507 sees
261 1468 285 1527 ,e
307 1445 435 1505 Macruh.
463 1449 523 1506 Sat.
546 1449 566 1520 l,
588 1452 616 1506 5.
639 1445 715 1504 Gell.
736 1445 773 1504 N.
798 1444 835 1503 A.
857 1447 880 1517 l,
906 1450 952 1504 10.
973 1446 1103 1520 xlm-8.
1144 1440 1191 1504 Cf.
1213 1442 1265 1502 Si·

84 1582 95 1599 ,
183 1529 252 1588 don.
273 1527 371 1607 Apoll.
392 1529 466 1609 Epp.
489 1530 540 1603 lx,
564 1533 608 1587 16.
629 1551 657 1607 p.
679 1532 747 1591 ssa.
770 1526 823 1584 Ed.
844 1527 909 1586 Pai.
949 1587 957 1601 .-

273 1636 305 1685 ut
328 1636 450 1707 prrqiter
469 1661 506 1674 -
529 1622 646 1706 rerunt]
683 1622 762 1704 Lips.
790 1643 806 1681 e
833 1620 907 1682 Cod.
938 1623 1024 1680 Farn.
1050 1624 1264 1701 cogitationum

140 1774 145 1783 Ι
181 1707 314 1768 restituit
334 1719 442 1786 recept.
470 1728 584 1786 aseqq.
610 1726 664 1786 pro
687 1708 867 1780 cognitionis
881 1700 974 1763 Codd.
994 1704 1058 1762 Par.
1079 1702 1169 1764 Vind.
1188 1714 1263 1765 vett.

182 1789 275 1861 Edd,
308 1789 343 1847 de
369 1810 425 1866 qua
445 1787 517 1867 sreq.
539 1787 653 1846 conlns.
673 1787 720 1846 vd.
740 1785 906 1866 interprett.
934 1784 970 1843 ad
992 1783 1097 1858 Quint.
1117 1786 1155 1847 X.
1178 1786 1210 1860 -l,
1234 1788 1262 1845 1.

183 1868 385 1945 Cogitationes
412 1881 481 1928 sunt
507 1866 750 1941 deliberationes,
779 1865 1019 1926 consultationes.
1048 1864 1096 1925 vd.
1117 1867 1205 1926 Hess.
1225 1856 1263 1927 ad

182 1952 250 2010 Tac.
272 1951 374 2009 Germ.
397 1957 446 2009 22.
482 1949 557 2009 vell.
576 1952 640 2009 Pat:
661 1952 696 2025 ll,
718 1953 766 2010 41.
789 1946 926 2030 (Caesar)
953 1947 1156 2020 magnitudine
1183 1950 1264 2023 cogi-5

183 2035 347 2104 tatianum,
370 2032 521 2089 eeleritate
541 2032 687 2105 bellandi,
707 2033 855 2109 patientia
894 2029 1068 2087 ericulorum
1084 2028 1198 2105 Magno
1216 2030 1265 2088 illi

181 2112 375 2184 Alexandro,
396 2113 450 2168 sed
469 2113 565 2171 sodriu
585 2132 675 2193 nequa
694 2115 772 2170 irato
791 2053 965 2170 similiimus·
1074 2125 1080 2137 '

264 2211 294 2267 in
324 2210 489 2289 eloquentia
515 2231 571 2270 nnn
600 2202 746 2286 effecerit,
776 2229 852 2290 quae
872 2209 999 2267 dioiruem
1027 2211 1091 2268 eius
1112 2211 1260 2285 ingenium

179 2288 367 2371 postulabat]
398 2291 423 2348 E
444 2301 575 2370 corrupt.
595 2289 661 2350 lect.
676 2287 758 2353 Cod.
779 2292 864 2348 Farn.
884 2294 914 2347 in
934 2291 1152 2371 ueloquentiam
1173 2287 1260 2372 (eloq.

182 2369 355 2453 Schluttig.)
375 2369 523 2449 effecerit,
551 2393 627 2452 quae
646 2370 734 2429 Bekk.
756 2370 870 2429 eifiiaxit
888 2369 919 2430 in
938 2378 1051 2430 annoti.
1072 2374 1103 2429 in
1123 2373 1262 2453 elwueu-

181 2457 227 2513 tia
247 2475 304 2511 non
326 2451 423 2531 effen,
442 2474 517 2535 quae
538 2464 646 2533 recept.
663 2451 809 2512 aWalth.
824 2451 912 2511 Bach.
930 2451 1004 2511 ttici.
1024 2449 1119 2513 Codd.
1133 2465 1166 2513 et
1187 2453 1260 2513 Edd.
1305 2487 1308 2493 ·

182 2545 250 2595 cett.
271 2537 366 2593 miuus
391 2538 420 2593 in
443 2537 606 2616 eloquentia
627 2532 675 2612 ess
696 2553 793 2617 quam.
832 2532 881 2593 Ab
902 2532 960 2593 boc
987 2532 1098 2594 iudicio
1120 2534 1260 2597 distend-

181 2627 237 2674 unt
257 2615 371 2694 scripti.
389 2614 465 2675 laud.
485 2617 520 2675 ad
538 2615 614 2676 Dial.
636 2620 683 2675 17.
1104 2626 1108 2631 ’

114 2774 120 2785 ,
201 2765 206 2770 .
264 2715 321 2770 nisi
331 2710 415 2788 sorte
434 2717 587 2828 quisquaqn
608 2745 643 2756 —
666 2715 791 2808 nisiqui
809 2708 970 2811 et]·'Codd.
991 2713 1055 2771 Par.
1077 2711 1167 2772 vind.
1187 2723 1260 2813 reti,
1287 2688 1292 2694 ι

174 2791 259 2950 tit
280 2793 508 2932 tratri
526 2792 1190 2955 ttt.t‘rustitiani-stri.ttsst
1205 2796 1261 2935 :t

172 2951 244 3044 sere
247 2957 365 3114 quisqu
376 2966 525 3034 receptum
552 2954 588 3013 ali
614 2957 720 3014 Heum.
740 2955 866 3015 Seebod.
887 2954 975 3015 Bekis.
996 2956 1095 3015 Boett.
1114 2954 1190 3017 Ritt.
1212 2954 1260 3017 vel

182 3054 235 3093 nee
268 3056 347 3093 erare
366 3057 381 3094 a
403 3038 479 3117 Rup.
524 3036 564 3096 At
582 3036 658 3095 idem
681 3037 774 3096 Diatr.
794 3038 824 3095 in
846 3036 1007 3095 sut-Vol.
1029 3039 1048 3095 l.
1070 3041 1191 3117 pu465.
1212 3038 1258 3100 ed.

181 3116 276 3177 Hand.
296 3115 447 3193 nisifiute
466 3122 608 3199 quispiam
633 3119 796 3197 suspicatus
819 3129 882 3191 est,
914 3116 965 3176 ubi
989 3119 1084 3176 llarad.
1104 3118 1135 3177 in
1158 3130 1259 3179 annot.

181 3200 240 3254 uisi
250 3194 333 3272 sorte
351 3202 503 3279 quisquam
521 3232 557 3244 -·
580 3201 666 3273 legit,
690 3204 742 3279 qui
761 3209 790 3257 et
807 3203 990 3274 -mireturz
1030 3197 1259 3261 Scburzlleisclt.

181 3275 356 3337 coniectur.'
372 3279 519 3338 Latinitati
546 3279 746 3339 adversantem
774 3300 827 3338 nee
846 3278 930 3357 scarie
959 3283 1111 3361 quisquam
1140 3281 1258 3341 Schulr.

99 3378 104 3385 ·
184 3356 286 3417 Oberl.
314 3358 427 3417 Drouk.
456 3374 638 3439 receperunt.
672 3363 822 3423 Peterson.
848 3361 886 3440 in⁸
907 3361 991 3440 Spec.
1012 3363 1046 3420 ll.
1072 3361 1200 3423 Annuit.
1226 3362 1281 3424 itt'

167 3439 250 3499 'Tac
268 3461 295 3518 p
316 3444 364 3497 21.
385 3441 548 3500 emendavit
564 3446 624 3505 nisi
634 3441 718 3518 sorte
729 3447 879 3524 quisquam
896 3478 936 3491 -
952 3445 1010 3501 nisi
1028 3453 1058 3502 et
1077 3443 1177 3504 deleto
1196 3447 1257 3526 qui,

180 3519 250 3598 quia
269 3519 406 3586 iteratum
425 3525 496 3595 nisi,
526 3544 599 3602 quae
626 3524 720 3604 figura
740 3524 888 3583 rhetorica
909 3523 1056 3602 anaphora
1081 3525 1258 3605 appelletur,

182 3599 251 3660 lauic
271 3602 415 3685 sermonis
429 3603 503 3684 parti
519 3602 642 3663 multum
658 3605 766 3686 gratiae
787 3627 820 3665 ac
841 3605 980 3684 ponderis
1000 3605 1102 3680 addat,
1124 3617 1164 3683 et
1188 3606 1258 3685 quia

182 3681 271 3741 verba
284 3684 449 3762 posteriora
469 3689 603 3743 earmina
624 3688 779 3745 eorundem
800 3691 928 3744 miratur
946 3685 1038 3744 nasius
1060 3687 1207 3765 quoddam
1227 3699 1259 3748 et

181 3762 304 3842 amplius
327 3763 499 3840 subiiciunt,
529 3765 658 3846 scriptor
678 3777 706 3825 et
726 3767 938 3848 interposuerit
956 3787 1012 3847 pro
1033 3771 1143 3842 etiam,
1169 3768 1255 3829 adeo.

181 3842 271 3903 Plene
298 3843 387 3903 verba
415 3847 458 3907 sic
486 3846 626 3927 explicat:
664 3851 722 3905 nisi
740 3847 824 3925 sorte
850 3851 1004 3929 quisquam
1024 3882 1063 3895 -
1085 3851 1172 3924 legit,
1199 3853 1260 3911 triti

179 3923 260 3983 sorte
279 3929 429 4006 quisquam
450 3931 541 3986 etiarn
562 3933 698 3986 carmina
713 3930 869 4003 eorundem
887 3933 1024 4002 miratur,
1045 3951 1106 4009 quo
1127 3930 1186 3990 scri
1207 3942 1258 3991 tor

178 4003 267 4063 tacite
286 4005 441 4086 significet,
463 4008 621 4068 absurdum
642 4030 707 4068 esse
724 4010 780 4069 hoc
795 4022 898 4090 putare
917 4031 971 4069 nec
985 4016 1152 4091 quenquam
1166 3954 1257 4073 idfa-

178 4096 302 4154 ctutum
325 4106 397 4146 esse.
438 4088 525 4148 Bach.
547 4088 576 4148 h.
596 4090 615 4147 Ι.
644 4111 679 4150 ex
702 4090 884 4151 anacoluthia
906 4091 1027 4169 quadani
1053 4092 1257 4173 explicandum

180 4178 296 4241 censet;
323 4168 497 4251 scriptorem
518 4170 596 4232 enim
623 4170 681 4233 noe
707 4172 804 4233 dicere
825 4171 973 4234 voluisse:
1003 4176 1051 4232 oia
1073 4179 1154 4234 eninr
1176 4179 1256 4256 quis-
