2634 4656
118 260 163 321 28
443 253 602 336 Dialogus
624 254 663 315 de
687 250 874 315 Oratoribus
950 232 953 241 Ι
1072 215 1078 227 ’

116 407 259 483 riculum
283 407 466 507 increpuit,
490 435 560 479 non
582 405 724 479 Hercule
748 405 851 479 lorica
874 422 903 479 et
922 405 1057 502 gladius
1074 405 1110 477 in
1131 407 1199 478 acie

41 516 46 525 '
116 508 245 581 firmius
267 506 507 578 munimentum
534 533 633 606 quam
656 533 713 577 reo
740 524 772 578 et
786 505 985 606 periclitanti
1011 504 1200 618 eloquentia

116 606 322 723 praesidium
349 604 510 678 simulac
536 604 659 692 telum,
687 631 754 719 qno
779 632 995 704 propugnare
1019 619 1147 703 puriter
1168 619 1199 677 ct

116 722 284 779 incessere
305 705 373 779 sire
396 703 430 777 in
457 703 584 777 iudicio
609 703 678 776 sive
698 732 733 776 ιιι
759 720 877 797 senatu
894 703 963 776 sive
988 702 1082 803 apud
1105 702 1199 803 prin·

116 873 242 936 rieulmn
258 895 319 933 non
334 871 495 953 increpuit)
509 894 544 930 ex
560 893 597 932 eo
613 871 811 954 intelligitur„
825 871 905 951 quod
924 870 972 931 alii
993 871 1029 931 ad
1050 882 1198 931 oratorem

116 955 288 1037 perfugiunt
309 966 339 1014 et
358 953 393 1013 ab
416 974 452 1013 eo
476 953 681 1012 defenduntur.
723 952 810 1035 Apud
824 953 958 1012 Tacitum
981 964 1133 1013 structure
1151 952 1198 1012 in-

116 1037 262 1097 solentior
288 1055 344 1093 nos
371 1055 433 1093 non
458 1032 545 1094 dehet
574 1034 734 1094 offendere.
758 1034 901 1094 ‹Molesta
924 1054 1043 1113 quoque
1063 1033 1133 1094 ideo
1153 1032 1198 1093 ri-

116 1117 205 1177 detur
224 1116 361 1197 repetitio
383 1138 409 1174 v.
429 1115 577 1195 praesid,
602 1117 681 1195 quod
699 1116 844 1175 antecedit
864 1128 894 1175 ct
907 1115 1050 1194 sequitur.
1092 1114 1196 1179 Cium

116 1197 264 1279 copulavit
293 1218 400 1280 synon.
429 1198 522 1255 tutela
544 1216 582 1255 ac
606 1197 790 1276 praesidium
813 1219 856 1277 pr.
881 1199 997 1256 Muren.
1021 1218 1068 1277 cp.
1092 1202 1139 1256 10.
1158 1228 1198 1245 -

117 1300 217 1339 umrres
245 1279 377 1337 urbanae
404 1299 452 1336 res
472 1313 513 1326 -
532 1281 633 1337 latent
660 1283 691 1336 in
719 1280 812 1338 tutela
839 1298 878 1337 ac
902 1278 1055 1360 praesidio
1076 1278 1198 1343 bellicae

117 1364 241 1421 uirtutis.

195 1438 356 1522 incpepuit]
383 1441 409 1499 E
431 1437 504 1500 Cod.
526 1441 612 1500 Farn.
631 1439 710 1521 Lips.
732 1451 762 1500 et
782 1462 862 1520 seqq.
885 1444 999 1522 irrepat
1019 1438 1116 1503 Codd
1135 1442 1197 1501 Per.

115 1522 205 1582 vind.
226 1523 299 1581 Edd.
327 1535 393 1581 ante
420 1521 499 1602 Lips.
520 1521 585 1582 Cic.
613 1544 657 1603 pr.
677 1524 792 1581 Mneen.
821 1544 864 1602 cp.
892 1529 938 1581 10.
959 1557 996 1568 ·-
1020 1525 1198 1601 simulatque

116 1607 261 1685 increpuit
289 1606 416 1684 suspicio
444 1605 593 1662 tumultus.
635 1601 720 1662 Catil.
741 1606 765 1676 Ι,
786 1608 813 1661 7.
840 1603 984 1684 quidquid
1007 1607 1198 1685 increpuerit,

118 1686 279 1745 Catilinam
307 1688 407 1744 timeri
435 1684 505 1764 ibiq.
534 1683 702 1743 Steinmetz.
734 1685 837 1743 Senos.
865 1686 940 1764 Epp.
961 1690 1012 1754 90,
1041 1688 1092 1746 43.
1141 1687 1197 1745 Vas

60 1801 63 1805 ,
116 1771 195 1826 inter
212 1772 347 1846 picturas
370 1776 500 1840 oestrus,
527 1769 556 1824 si
575 1766 647 1847 quid
667 1769 827 1846 increpuit,
847 1769 969 1824 attoniti
977 1764 1097 1842 sugitis.
1133 1767 1197 1829 Lir.

12 1888 15 1895 ·
117 1850 170 1925 Ν,
190 1851 240 1909 43.
261 1848 336 1907 unde
356 1848 475 1928 siquid
494 1846 624 1928 incrbpet
645 1852 769 1906 terroris
790 1880 827 1891 -
850 1847 913 1906 add.
937 1848 1042 1923 xttV,
1063 1850 1114 1909 41.

198 1947 294 2004 lorica
325 1954 354 2002 et
379 1942 515 2023 gladius]
546 1946 657 2002 loricae
684 1944 805 2017 gladius
833 1942 927 2003 Codd.
957 1964 1037 2002 omn.
1067 1957 1098 2006 et
1126 1958 1196 2007 vett.

113 2027 189 2088 Edd.
210 2028 304 2085 lurica
324 2025 515 2098 concluditis
536 2046 571 2083 ox
591 2026 732 2083 emendat.
752 2025 849 2084 Rhen.
870 2046 950 2104 seqq.
971 2027 1067 2085 lorica
1087 2038 1119 2087 et
1130 2031 1196 2103 gla-

112 2109 193 2251 {sarteq
208 2128 244 2167 ex
272 2106 415 2166 emendat.
443 2105 570 2165 Scelsod.
590 2105 704 2166 Dronk.
734 2105 846 2166 Osann.
867 2107 961 2168 Orell.
980 2107 1100 2168 Waltlr.
1123 2109 1196 2171 Rite

195 2267 377 2349 praesidium
397 2268 487 2325 simul
506 2287 543 2325 ac
565 2242 672 2348 tilam]
708 2286 746 2324 ac
777 2270 867 2326 telum
897 2265 976 2330 cod.
997 2269 1084 2329 Fara.
1107 2270 1195 2333 Bettc

112 2349 260 2413 Boettieh.
285 2347 400 2408 Waltlr.
427 2347 501 2407 Ritt.
521 2348 608 2408 Bacle.
630 2360 658 2407 et
680 2349 770 2406 telum
790 2348 884 2409 Codd.
911 2351 977 2410 Par.
1002 2350 1195 2433 Vindseliq.

113 2432 188 2493 Edd.
209 2431 261 2490 Sic
281 2452 326 2511 ep.
350 2435 378 2489 6.
407 2450 445 2488 ac
464 2450 573 2511 prope,
603 2433 720 2510 cp.'14.
749 2450 787 2488 ae
816 2433 987 2504 literarum,
1019 2453 1063 2512 cp.
1089 2439 1136 2493 16.
1157 2454 1196 2493 aa

114 2524 279 2594 respectum
301 2533 316 2571 e
340 2509 414 2570 Cod.
435 2512 521 2570 Farn.
548 2531 605 2591 pro
629 2522 659 2570 et
687 2523 863 2591 receperunt
883 2512 972 2571 uett.
992 2510 1142 2574 Boeuich.
1159 2512 1195 2575 el.

115 2593 162 2657 Cf.
184 2594 278 2654 lland.
300 2593 426 2653 Turseli.
450 2593 518 2652 Vol.
539 2594 560 2651 Ι.
584 2615 612 2673 p.
633 2595 693 2653 459
716 2615 759 2672 sq.
784 2593 851 2652 Vol.
873 2594 907 2651 ll.
929 2615 956 2674 p.
978 2597 1049 2653 467.
1078 2594 1196 2657 subtili-

112 2687 162 2737 ter
190 2677 225 2735 de
252 2673 418 2734 differentia
452 2673 556 2732 harum
590 2673 797 2752 particularum
829 2673 1034 2753 disputantem.
1094 2676 1194 2737 Telum

113 2757 211 2839 siguis.
233 2754 429 2838 metonymica
447 2751 558 2833 legitur
576 2753 640 2812 Liv.
656 2756 706 2827 ΙΙΙ,
733 2759 781 2813 55.
803 2788 840 2799 -
861 2775 922 2836 qua
949 2757 1013 2830 lege
1032 2757 1198 2819 tribuniciis

114 2837 317 2911 rogationibus
338 2835 427 2894 telum
448 2838 626 2892 acerrimum
648 2834 752 2893 dotum
773 2845 851 2894 est·
872 2837 976 2895 Alium
998 2836 1104 2897 deinde
1125 2860 1196 2913 ron·

112 2920 242 2979 tularcm
265 2919 358 2989 legem
384 2916 421 2974 de
437 2919 663 2995 prouocatione,
692 2919 808 2975 unicum
834 2918 1017 2995 praesidium
1037 2919 1195 2994 libertatis,

112 3000 302 3059 decemuirali
323 3007 472 3078 potestate
497 3017 646 3070 euersam,
665 3018 721 3054 non
738 3001 894 3058 restituunt
910 3000 1014 3072 modo,
1032 3000 1194 3063 sedetiam

112 3085 144 3143 in
171 3090 322 3162 posterum
351 3081 491 3138 muniunt.
520 3080 560 3153 V,
580 3083 630 3137 29.
660 3077 778 3137 Sallust.
805 3079 919 3161 Fragm.
946 3080 1050 3140 histor.
1070 3084 1123 3158 ΙΙΙ,
1145 3088 1195 3157 22,

114 3168 162 3224 12.
190 3165 232 3221 uis
251 3161 410 3220 tribunicia
436 3160 525 3218 telum
548 3178 568 3217 a
590 3159 751 3218 maioribus
772 3159 905 3219 libertati
928 3172 1072 3241 paratum
1093 3162 1147 3223 ubi
1166 3184 1195 3225 r.

113 3242 198 3305 Cort.
230 3264 285 3311 nac
311 3241 339 3300 Ιι.
367 3239 386 3299 Ι.
414 3239 575 3301 immernor.
604 3241 687 3300 Suet.
717 3238 808 3322 Calig.
836 3263 880 3322 cp.
901 3249 949 3302 53.
991 3242 1197 3307 Peroraturrtt

111 3326 284 3386 stricturum
305 3342 336 3380 se
358 3322 570 3381 lucubrationis
590 3342 663 3381 suae
684 3324 773 3381 telum
794 3323 972 3383 minabatur.

193 3415 356 3499 incessere]
395 3418 452 3478 Vd.
476 3439 521 3500 ep.
540 3419 590 3480 24.
611 3422 661 3481 40.
682 3420 849 3479 criminibus
865 3421 948 3480 Hist.
968 3421 1006 3498 tt,
1027 3426 1078 3482 23.
1097 3424 1196 3505 suspi-

115 3501 246 3562 cionibus
267 3499 306 3559 ib.
326 3501 376 3574 ΙΙΙ,
398 3504 459 3563 65..

193 3591 253 3647 sioe
273 3591 304 3645 in
322 3584 431 3646 iudicio
451 3590 511 3646 sioe
528 3589 558 3645 in
578 3596 683 3647 senatu
701 3590 761 3648 sire
776 3588 859 3669 opud
873 3586 1054 3729 principem}
1077 3587 1195 3651 ECod.

111 3669 197 3731 Farn.
226 3666 317 3728 Betk.
344 3667 491 3728 Boettich.
519 3667 635 3725 Walth.
665 3669 739 3728 Ritt.
768 3669 855 3729 Bach.
884 3690 920 3728 ex
947 3690 1030 3729 emen
1053 3715 1059 3728 .
1084 3672 1194 3731 Mutet.

111 3748 222 3810 Acidal.
246 3750 408 3808 Heumann.
431 3751 476 3808 uel
500 3752 529 3807 in
556 3749 665 3807 iudicio
687 3747 781 3808 Codd.
801 3752 865 3808 Par.
886 3751 972 3809 Viud.
994 3748 1096 3832 reliq'
1119 3752 1194 3812 Edd.

112 3828 159 3891 Cs.
175 3832 211 3889 de
235 3830 469 3900 haeredatione
490 3828 608 3910 particc.
633 3829 818 3888 disiunctivv.
841 3831 934 3892 Orell.
957 3843 986 3890 et
1010 3834 1088 3913 llnp.
1110 3833 1144 3892 acl
1164 3832 1193 3892 Ιι.

111 3909 132 3972 Ι.
153 3911 247 3969 Haud.
266 3911 394 3970 Tursell.
418 3910 484 3972 Vol.
505 3913 525 3969 Ι.
548 3931 574 3988 p.
596 3914 665 3967 550.
682 3945 720 3956 —-
753 3912 799 3970 De
815 3912 961 3971 sententia
983 3911 1011 3969 h.
1033 3913 1051 3971 l.
1073 3913 1110 3972 cs.
1131 3911 1193 3975 Cic.

111 3991 149 4051 de
174 3990 256 4050 Orat.
277 3992 301 4066 Ι,
321 3996 352 4065 8,
365 3996 413 4050 32.
456 3990 537 4071 Quid
559 3999 621 4048 tam
642 4010 733 4070 porro
754 3996 876 4066 regin-u,
895 4004 963 4052 tam·
976 3993 1109 4066 liberale,
1130 4004 1193 4054 tam

111 4067 1034 4230 stow.
1051 4074 1195 4199 t

155 4224 158 4229 .
267 4216 271 4223 ,
340 4193 351 4227 r
667 4195 677 4230 ι
1064 4196 1067 4203 ’
1177 4200 1185 4217 ·
