2634 4656
526 243 604 327 Cap.
630 243 674 307 V.
1094 249 1136 308 27
1199 338 1204 344 ι

52 394 167 469 uitus?
219 395 323 470 Cuius
348 394 398 468 vis
429 411 462 468 et
492 395 615 485 utilitas
639 395 743 470 rebus
768 424 930 498 prospere
954 395 1136 470 fluentibus

53 493 197 569 aliorum
220 495 376 596 perl'ugio
404 512 436 569 et
458 496 558 569 tutela
578 494 790 593 intelligitur:
815 497 868 569 sin
887 497 1061 598 proprium
1079 524 1163 598 pe·,

54 658 152 723 codd.
180 685 266 743 saepe
288 663 528 738 confunduntur,
554 663 605 723 vd.
626 662 744 722 Waltb.
765 676 795 724 et
816 652 891 724 niu.
904 665 946 738 ‚ad
966 665 1034 725 Tae.
1061 665 1139 744 Hist.
1194 683 1197 689 ·

53 745 78 815 1,
105 749 130 804 1.
153 744 269 804 Weltb.
292 744 418 807 Observ.
440 746 471 805 in
492 745 584 804 Tacit.
607 745 691 824 Spce.
708 747 743 804 ll.
765 767 794 826 p.
811 751 859 804 27.
882 746 979 805 Brem.
996 747 1031 805 ad
1046 744 1138 813 Corn.

53 825 131 907 Nep.
156 824 218 886 Cat.
240 848 284 908 cp.
306 834 333 887 2.
366 829 493 911 Herzog.
514 826 549 884 acl
571 825 653 887 Caes.
675 826 709 885 B.
732 826 770 886 G.
790 829 812 901 l,
836 831 881 885 18.
909 827 1000 886 Kritz.
1022 827 1056 886 ad
1072 826 1138 886 Sal·

54 905 128 967 lns't.
150 905 214 968 Cat.
235 929 280 990 ep.
301 914 350 967 38.
370 908 458 968 Bacb.
480 907 515 967 ad
536 909 604 967 Tac.
625 908 703 966 Anu.
726 909 749 982 l,
773 911 799 967 1.
820 907 960 969 Doederl.
982 908 1045 967 Lat.
1065 909 1140 994 Syn.

55 987 127 1047 Vol.
158 991 195 1048 V.
222 1010 251 1070 p.
280 995 348 1063 82,
385 1011 512 1070 quorum
541 986 782 1068 explicationibus
806 1011 878 1048 usus
908 990 951 1049 sic
977 989 1139 1070 distinguo.

28 1069 202 1130 ,Potentia
229 1069 452 1152 (limfaqsut
474 1073 640 1152 patientia,
675 1075 872 1151 temperantia
900 1071 955 1145 al,
995 1070 1141 1152 signifieat

55 1150 238 1231 qualitatem,
259 1174 315 1249 qna
335 1152 401 1232 quis
419 1162 526 1232 potens
545 1163 601 1225 est,
619 1161 753 1230 potestas
773 1150 910 1234 (ἐξουσία)
931 1152 1062 1212 conditio
1083 1164 1140 1227 est,
1232 1210 1235 1215 .

56 1252 116 1313 qua
144 1233 211 1312 quis
230 1244 344 1307 utitur,
373 1244 407 1293 nt
436 1232 545 1312 aliquid
573 1231 685 1314 possit,
714 1232 743 1292 b.
765 1254 789 1292 e.
811 1234 949 1306 denotat,
980 1233 1065 1293 alicui
1087 1233 1140 1294 ali-

57 1313 131 1394 quid
153 1313 248 1375 iaeere
270 1314 368 1374 licere.
408 1315 513 1373 Potest
532 1313 617 1388 alicui
642 1334 708 1373 esse
724 1325 857 1394 potestus
878 1313 986 1395 aliquid
1006 1315 1141 1390 faciendi,

57 1395 192 1475 quamvis
218 1395 301 1456 desit
320 1399 469 1470 potentia,
498 1408 600 1455 contra
625 1400 788 1475 potentiam
809 1395 916 1476 aliquid
937 1396 1059 1455 faciendi
1079 1417 1141 1456 non

58 1496 179 1556 semper
205 1469 361 1536 comitatur
385 1474 525 1556 poteslas.
574 1477 661 1535 Unde
692 1477 842 1557 sequitur,
879 1488 912 1536 ut
938 1486 1071 1557 potestus
1101 1480 1141 1538 sit

57 1557 190 1640 legitime
212 1570 325 1639 parata,
352 1556 466 1640 legibus
487 1558 550 1616 data
572 1555 745 1638 legibusque
765 1558 808 1617 rei
835 1557 967 1638 publicae
988 1558 1141 1638 permissb,

57 1661 147 1719 quam
177 1640 363 1722 magistratus
392 1639 539 1720 (potestas
566 1638 711 1720 praetoria
741 1675 779 1688 -
808 1639 996 1720 tribunicia),
1029 1639 1140 1701 iudices

58 1741 239 1799 omnesque,
271 1720 322 1800 qni
347 1732 400 1786 ¹ant
425 1741 496 1800 pace
522 1732 572 1778 aut
597 1718 695 1793 bello,
725 1732 775 1778 aut
797 1721 875 1778 domi
900 1733 950 1779 aut
977 1721 1051 1780 soris
1073 1742 1142 1802 par·
1237 1781 1240 1785 ,

58 1813 122 1862 tem
149 1802 192 1861 rei
215 1801 347 1883 publicae
372 1801 591 1872 administrant,
616 1799 672 1877 bab
712 1810 725 1858 t
746 1822 860 1879 quaque
883 1800 947 1860 iure
971 1823 1027 1862 suo
1050 1814 1143 1862 utun-

10 1900 12 1907 ’
58 1894 126 1948 tur:
151 1904 167 1942 e
188 1883 337 1943 contrario
353 1882 505 1961 sequitur,
528 1893 562 1940 ut
585 1890 673 1960 poten
695 1901 719 1939 o
741 1881 839 1961 (cuins
860 1903 968 1966 synon.
992 1903 1061 1964 opes
1082 1881 1143 1944 Cic.

58 1964 188 2045 Philipp.
210 1967 232 2040 l,
260 1963 415 2061 12.)‘non
445 1964 485 2022 sit
512 1961 641 2044 legitime
669 1974 766 2044 parata
794 1963 966 2045 legibusque
994 1963 1144 2041 concessa,

62 2047 116 2106 secl
140 2045 226 2105 variis
240 2065 421 2123 maximeque
440 2042 522 2103 malis
542 2043 672 2118 artibus,
693 2044 773 2102 velot
793 2044 903 2126 gratia,
925 2045 1143 2128 largitionibus,

60 2125 251 2188 multitudiue
269 2127 428 2186 amicorum
449 2137 480 2184 et
500 2124 661 2200 clientium,
680 2122 858 2205 eloquentia,
879 2126 965 2204 armis
987 2139 1042 2186 etc.
1063 2139 1144 2207 parta

61 2228 179 2290 quaque
198 2207 232 2266 ad
254 2208 326 2267 alios
348 2207 556 2287 opprimendos
576 2206 746 2265 abutuntur.
789 2209 825 2265 H.
848 2207 866 2266 l.
887 2206 958 2267 haec
977 2228 1145 2291 synonyma

62 2289 199 2372 copulata
210 2301 280 2348 sunt
295 2289 330 2348 ad
342 2289 500 2348 verborum
518 2287 629 2366 copiam
644 2288 816 2368 augendam,
828 2288 912 2347 euius
924 2288 1041 2370 generis
1054 2289 1145 2349 multa

61 2369 195 2451 exempla
213 2369 316 2430 insunt
341 2369 373 2428 in
394 2369 528 2428 oratione
550 2369 633 2449 Apri.
653 2403 693 2418 --
735 2367 874 2429 Ceterum
895 2368 1075 2429 observanda
1098 2381 1144 2430 est

62 2454 246 2525 alliceretio,
273 2472 359 2530 quam
385 2471 451 2510 voc.
475 2448 599 2508 barbaro
626 2444 789 2528 ippellant,
819 2449 849 2508 in
877 2450 926 2511 vv'.
951 2454 1085 2531 potentia
1105 2471 1145 2512 oc

60 2532 326 2616 potestato,'cuius
339 2531 484 2612 permulta
499 2528 628 2608 exempla
648 2540 764 2587 exstant
781 2530 858 2610 apud
870 2541 943 2589 vett.
964 2531 1143 2611 scriptores:

62 2616 134 2674 Tae.
155 2612 230 2673 Dial.
250 2634 295 2694 cp.
319 2618 365 2672 11.
385 2619 435 2672 36.
456 2614 563 2670 notitia
584 2629 623 2668 oo
643 2605 761 2683 nome'n,
791 2632 835 2690 cp.
854 2616 901 2671 17.
921 2615 1147 2686 coniungeret!

64 2696 223 2777 copulare,
243 2715 288 2774 ep.
307 2700 355 2754 22.
373 2703 451 2753 tento
473 2695 549 2766 tegi,
579 2690 681 2751 Germ.
706 2693 752 2751 14.
774 2692 1044 2767 sudor-sanguis
1059 2693 1145 2775 (ibiq.
1218 2728 1228 2742 .

64 2774 190 2855 fleon),
218 2796 261 2856 cp.
283 2781 333 2834 37.
360 2774 464 2834 molem
486 2792 664 2854 manusque,
694 2772 771 2831 Hist.
793 2775 815 2848 l,
838 2774 955 2849 18111,
982 2779 1030 2834 65.
1059 2777 1148 2841 verba

63 2878 106 2919 oo
121 2859 235 2930 νοσῶ,
262 2859 356 2928 1,12.
384 2857 504 2915 licentia
531 2874 569 2913 oo
596 2853 696 2913 libido.
747 2851 794 2914 Cf.
819 2853 964 2952 egregiam
992 2868 1149 2917 comment.

63 2937 170 3001 Naeltii
196 2936 233 2998 ‹le
260 2936 455 2997 alliteratioue
479 2933 624 2997 sermonis
644 2933 741 3005 Latini
763 2933 794 2994 in
821 2937 1027 2997 Rberu.Mus.
1048 2939 1149 3015 111,3.

49 3044 58 3055 ‘
118 3022 237 3080 524⁸.
338 3066 341 3071 .
651 3039 655 3048 ·
879 3046 883 3052 ·

60 3042 98 3157 p.
151 3039 237 3159 rebella
256 3118 397 3179 prospere
409 3094 589 3181 fbtentibus]
625 3094 720 3157 codd.
740 3096 826 3156 Farn.
846 3096 958 3158 Vatice.
978 3098 1051 3157 Ern.
1068 3119 1151 3181 seqq.

64 3201 160 3267 prope
185 3179 280 3243 codd.
307 3182 373 3241 Par.
403 3180 489 3239 Vind.
516 3191 589 3240 vett.
615 3179 689 3237 Ede.
717 3177 810 3258 probe
839 3199 856 3238 e
882 3179 1051 3239 coniectura
1071 3180 1151 3240 Pitb.

67 3265 206 3325 Gronov.
233 3261 270 3320 al.
297 3262 366 3320 Tac.
386 3262 464 3320 Aun.
485 3261 553 3336 XV,
574 3263 602 3318 5.
629 3279 683 3317 neo
709 3265 881 3338 praesentio
909 3280 1049 3341 prospere
1067 3261 1151 3343 flue-

68 3345 151 3406 bant.
184 3340 253 3402 ·Cie·
269 3341 336 3404 011.
358 3343 382 3415 Ι,
403 3348 454 3416 26,
476 3346 524 3400 90.
566 3341 666 3421 Atque
685 3343 775 3399 etiam
796 3344 827 3398 in
847 3341 934 3400 rebus
951 3347 1108 3422 prosperis
1121 3352 1152 3404 et

67 3425 113 3487 ad
130 3426 309 3485 uoluntatem
329 3418 460 3482 nostiam
481 3422 646 3504 fluentibus
673 3421 861 3502 superbiam,
880 3421 1041 3502 fastidium
1062 3445 1152 3483 orro-

66 3508 262 3586 gantr‘omquc
283 3525 390 3579 magno
411 3523 498 3585 opero
510 3500 675 3582 fugiamus.

151 3588 279 3646 aliorum
303 3583 439 3667 perfugio
466 3594 496 3643 et
522 3581 633 3664 tutela]
681 3579 775 3642 codd.
804 3584 892 3644 Fern.
918 3583 1030 3644 Vatice.
1062 3589 1151 3644 1518.

67 3669 163 3731 4198.
182 3666 297 3726 Dronk.
318 3654 429 3725 Osann.
458 3663 550 3724 Orell.
573 3662 719 3731 Boetticb.
734 3664 859 3724 'Waltln
885 3665 973 3724 Bacb.
1000 3667 1152 3746 praesidio
1230 3703 1236 3729 1

51 3747 166 3824 ,Codri
186 3749 252 3808 Par.
274 3739 361 3806 vind.
378 3757 446 3806 cett.
466 3746 540 3804 Edd.
559 3742 695 3826 profugio
717 3743 791 3806 Cod.
811 3749 876 3804 Vat.
893 3751 982 3804 1862.
1014 3745 1150 3808 Ritterus

70 3831 107 3893 acl
134 3829 273 3888 tuendam
302 3828 368 3886 leet.
392 3827 544 3909 praesidio
571 3824 741 3899 annotavit,
776 3824 843 3886 lect.
868 3824 1003 3906 perfugio
1031 3828 1153 3907 probata

68 3909 234 3994 genitivum
255 3911 382 3968 oliorum
402 3907 526 3969 relatum
541 3906 576 3966 ad
594 3926 702 3966 nornen
721 3904 857 3988 perfugio
872 3927 938 3966 esse
958 3906 1153 3969 subiectivuut

70 3991 257 4070 eundemque
277 4011 301 4048 a.
314 3992 526 4070 tuteloapt'um
547 3986 744 4062 obiectivum,
765 3987 846 4066 quod
864 3988 1083 4051 incommodum
1099 4011 1155 4072 per

69 4073 191 4134 alteram
219 4069 568 4150 scripturampraeelare
596 4080 775 4127 amoveatur.
824 4069 977 4131 Sententia
1006 4070 1064 4132 loei
1090 4083 1153 4132 eet:

69 4153 157 4216 mine
176 4151 224 4213 vie
245 4162 277 4214 et
288 4151 408 4223 utilitas¹
424 4150 516 4213 rebus
531 4145 855 4231 prospere-liuentibus
873 4149 918 4234 (si
930 4152 1085 4235 proprioru
1100 4170 1154 4233 pe*
