2634 4656
115 297 156 361 14
438 296 598 380 Dialogus
619 298 658 358 de
683 294 869 359 Oratoribus

112 445 236 529 tonem'
249 478 320 525 non
349 446 486 552 quidem
511 451 702 542 meliorem,
735 442 801 525 sed
828 469 940 527 tamen
969 450 1199 528 securiorem?

112 555 200 626 Tum
217 551 284 640 ille,
306 553 432 648 Leges,
457 552 541 652 quid
562 553 736 625 Maternus
758 553 824 624 sihi
845 552 1019 640 debuerit,
1043 567 1077 623 et
1093 576 1198 649 agnai

113 680 186 725 sees
210 678 296 751 quae
322 651 455 730 audisti.
514 650 649 746 Quodsi
675 678 742 750 qua
768 650 880 733 omisit
904 652 1007 738 Cato,
1043 650 1197 749 sequenti

112 752 305 825 recitatione
323 749 488 866 Thyestes
514 750 610 822 dicet.
661 753 756 823 Hanc
782 749 869 822 enim
894 748 1105 847 tragoediam
1129 749 1198 823 dis·

112 851 212 953 posui
229 851 294 923 iam
320 866 352 921 et
373 867 461 923 rutra
482 877 536 923 me
556 850 631 949 ipse
656 848 808 922 formavi.
858 850 969 949 Atque
987 847 1067 920 ideo
1088 864 1197 921 matu·

196 1032 392 1115 securiorem]
413 1035 433 1091 l.
448 1054 473 1092 e.
494 1046 698 1116 argumentum
717 1035 813 1094 minus
832 1034 1052 1116 periculosum,
1073 1033 1196 1099 ottenm

114 1117 283 1199 potentium
303 1128 334 1176 et
354 1136 458 1195 pravae
479 1114 715 1195 interpretationi
736 1117 831 1176 minas
852 1116 1009 1176 obiectum.

195 1199 306 1273 Leges,
330 1198 401 1276 quid
412 1199 567 1255 Maternus
586 1198 644 1256 sibi
661 1199 811 1271 debuerit,
832 1208 862 1256 et
882 1218 1025 1272 agnosces
1045 1218 1125 1277 qaae
1143 1218 1197 1259 aa·

59 1272 62 1279 ’
114 1278 200 1420 distr}
259 1281 357 1339 Locus
391 1278 434 1338 sic
465 1277 701 1359 interpretandus
737 1291 798 1339 est:
833 1281 984 1339 Maternus
1016 1280 1079 1339 indi
1122 1292 1196 1357 atas,

79 1383 83 1389 ·
115 1381 174 1441 quo
214 1361 296 1421 amici
323 1382 339 1420 a
368 1381 399 1420 se
429 1360 647 1440 postulassent,
673 1372 708 1420 ut
735 1361 826 1420 multa
852 1360 883 1419 iu
911 1362 1061 1442 tragoedia
1080 1303 1196 1423 {bione

115 1454 165 1500 aut
183 1442 294 1502 deleret
316 1455 365 1502 aut
386 1448 528 1515 mutaret,
559 1442 665 1522 quihus
687 1442 827 1523 principis
850 1453 880 1501 et
898 1441 1065 1521 potentium
1084 1443 1196 1503 animas

116 1523 306 1597 offendisset,
341 1523 478 1583 Secundo
508 1523 595 1596 dicit,
628 1545 659 1582 sc
686 1524 802 1619 quidem
825 1523 1004 1606 tragoediam
1035 1524 1196 1585 emendatis

115 1605 167 1680 iis,
190 1627 264 1685 quae
284 1617 371 1685 poeta
389 1604 454 1684 ipso
475 1603 595 1685 indigna
614 1604 708 1664 viden
729 1616 870 1685 possent,
893 1605 1060 1680 editurum,
1081 1608 1134 1667 sed
1148 1606 1196 1683 ita,

112 1699 167 1761 ut,
187 1686 237 1766 qui
258 1686 350 1767 priori
364 1686 426 1745 eius
443 1686 608 1745 recitationi
624 1686 812 1762 interfuerit,
833 1686 930 1746 statim
951 1708 1011 1747 eam
1033 1687 1082 1747 vel
1097 1709 1197 1763 emen<

114 1769 208 1828 datam
238 1767 360 1827 offensis
389 1780 486 1827 tamen
518 1787 580 1826 non
611 1767 729 1826 mutatis
757 1769 909 1851 agniturus
936 1767 983 1828 sit.
1025 1769 1154 1831 Foreell.
1173 1792 1196 1831 s.

115 1870 243 1924 agnosca
264 1849 353 1910 verba
374 1860 402 1908 et
423 1886 461 1898 -
484 1849 598 1908 audisti
615 1849 755 1930 explicat:
782 1850 815 1908 in
842 1870 961 1910 sensum
981 1870 1086 1911 eorum
1105 1862 1197 1935 pene-

113 1931 222 2007 trabis,
243 1952 316 2010 qnae
337 1930 452 1989 audisti.
957 1936 960 1941 “
1159 1938 1162 1943 “

197 2016 330 2090 sequenti
347 2015 522 2070 recitatione
543 2011 681 2095 Thyestes
702 2009 797 2094 dicet]
828 2013 888 2072 Pro
908 2016 1096 2089 recitatione,
1117 2012 1196 2095 quod

114 2104 160 2154 est
190 2094 221 2152 in
259 2091 352 2152 Codd.
385 2093 504 2152 Farnes.
542 2094 651 2153 Vaticc.
686 2106 716 2153 et
751 2095 832 2174 quod
861 2115 878 2154 e
910 2095 988 2175 Lips.
1026 2095 1197 2155 coniectura

113 2175 189 2234 Edd.
218 2185 342 2234 recentt.
371 2186 563 2254 receperant,
590 2180 770 2235 tractatione
792 2174 886 2236 Codd.
913 2177 978 2236 Par.
1006 2176 1097 2237 Vind.
1126 2187 1196 2243 vett.

114 2257 189 2316 Edd.
217 2255 332 2316 Pithoe.
361 2256 496 2315 Gronov.
524 2257 670 2338 Bernegg.
690 2279 753 2336 sqq.
777 2290 814 2302 -
855 2259 914 2316 Pro
937 2257 1076 2340 Thyestes
1094 2258 1197 2319 Peerl-

115 2338 209 2417 kamp.
230 2337 306 2395 Ribl.
332 2334 396 2397 crit.
423 2358 492 2396 nov.
513 2337 580 2396 Vol.
600 2341 636 2395 V.
657 2339 689 2396 P.
712 2340 732 2394 l.
755 2359 781 2416 p.
799 2342 857 2397 116
876 2360 918 2418 sq.
939 2337 1002 2420 (cui
1021 2338 1199 2419 astipulatur

115 2417 263 2479 Eckstein.
292 2417 322 2478 in
350 2418 426 2479 Edit.
447 2418 565 2479 Walth.
592 2430 622 2478 et
641 2418 672 2478 in
692 2418 829 2501 Prolegg.
851 2442 880 2499 p.
902 2424 949 2495 9.,
971 2419 1198 2503 ubi-utramque

113 2499 239 2561 fabulam
262 2501 297 2560 de
317 2497 441 2560 aliorum
461 2500 638 2582 tragoediis,
661 2521 732 2580 quas
755 2500 816 2561 lere
838 2521 954 2581 semper
972 2501 1106 2563 manibus
1128 2522 1198 2565 ver·

114 2594 210 2657 earet,
243 2582 387 2663 accipiens
416 2582 452 2642 ad
479 2581 579 2643 Ovidii
601 2583 732 2642 Medeam
755 2593 785 2642 et
807 2582 888 2641 Varii
907 2582 1070 2667 Thyestem
1090 2580 1198 2667 raca)

114 2664 205 2725 scribi
232 2663 298 2724 vult
326 2664 494 2736 Domitius,
531 2663 611 2740 quod
639 2665 790 2722 Maternus
820 2684 875 2724 nec
903 2663 1066 2749 Thyestem
1091 2676 1198 2750 tyran·

113 2766 205 2819 num,
235 2743 304 2823 qui,
344 2764 406 2802 nou
437 2752 594 2802 contentus
624 2754 706 2822 parte
732 2742 848 2824 imperii
875 2744 940 2820 sui,
978 2757 1091 2827 partem
1120 2766 1199 2827 qao-

116 2845 173 2905 que
194 2824 279 2883 Atrei
306 2823 407 2884 'fratris
437 2823 587 2902 corripere
612 2823 778 2900 studuerit,
806 2847 838 2885 ea
861 2825 1006 2887 dicentem
1023 2827 1123 2888 iacere
1142 2848 1198 2909 pa-

114 2905 224 2979 tuerit,
255 2926 328 2984 quae
358 2903 452 2979 Cato,
490 2903 647 2963 acerrimus
676 2905 818 2965 libertatis
848 2905 1001 2984 defensor,
1035 2908 1198 2987 omisisset,

114 3008 170 3049 nec
207 2987 300 3046 choro
338 2984 392 3046 bae
425 2997 523 3067 partes
557 2985 718 3067 assignatae
755 3007 810 3047 uec
846 2988 974 3072 Thyesti
1006 3011 1106 3050 sermo
1141 2990 1198 3059 ut,

115 3068 205 3129 butus
229 3067 339 3142 suerit,
372 3066 558 3152 tyrannidem
579 3066 758 3141 exsecranti,
789 3086 877 3147 quum
904 3070 936 3129 iu
957 3069 1019 3130 eius
1049 3091 1105 3133 ore
1123 3071 1196 3133 tales

114 3150 213 3211 laudes
232 3149 374 3209 libertatis
392 3148 585 3209 evilescercnt
600 3170 632 3209 ac
647 3149 811 3209 sorderent.
839 3150 931 3209 Addit
944 3162 1104 3232 praeterea,
1123 3174 1198 3215 oca·

117 3232 164 3292 los
184 3231 296 3291 librarii
324 3252 340 3290 a
367 3231 500 3292 Domitio
529 3230 613 3290 facile
640 3231 676 3291 ad
700 3231 863 3311 Thyestem
891 3232 1025 3292 aberrare
1051 3234 1197 3315 potuisse,

115 3314 167 3393 qui
188 3312 262 3371 infra
283 3311 341 3372 boc
360 3334 419 3454 cap.
440 3323 638 3387 memoretur,
659 3314 770 3392 optime
790 3324 886 3372 autem
906 3314 1037 3394 copulari
1054 3314 1206 3377 Catonem

114 3405 146 3455 et
166 3392 352 3467 Domitium,
410 3394 515 3454 aesaris
545 3393 689 3454 inimicos.
731 3393 843 3454 Contra
870 3393 941 3455 haec
968 3396 1082 3457 acutius
1131 3418 1198 3458 uam

114 3474 214 3535 verius
245 3474 390 3554 disputata
417 3475 565 3537 afferimus
604 3475 726 3534 Weich.
760 3475 796 3534 de
824 3476 893 3535 Luc.
923 3476 1013 3536 Vario
1048 3491 1080 3540 et
1174 3500 1197 3541 t.

116 3557 211 3616 Parm.
232 3578 260 3637 p.
281 3561 348 3630 et,
380 3557 531 3639 Thyestem
553 3557 629 3637 apud
652 3558 783 3617 Graecos
804 3556 941 3636 scriptam
958 3579 1023 3619 esse
1043 3560 1107 3637 (vd.
1126 3554 1208 3621 Ari·¹

120 3647 190 3698 stat.
211 3637 320 3697 Poetic.
342 3659 386 3718 cp.
409 3635 472 3718 ts.)
493 3637 682 3718 aSophocle,
703 3636 869 3719 Agathone,
891 3637 1104 3718 Chaeremone,
1124 3639 1199 3702 Car-

115 3718 184 3779 cino
215 3718 355 3798 (Aristot.
385 3719 496 3778 Poetic.
523 3741 567 3798 cp.
592 3718 674 3796 16.),
703 3718 890 3798 Apollodoro
917 3722 1077 3797 Tarsensi,
1107 3720 1198 3783 Cleo-

134 3800 228 3859 honte
251 3812 281 3859 et
303 3800 455 3860 Oenomao
473 3799 721 3869 Atheniensibus;
745 3800 821 3879 apud
841 3802 990 3860 Romanos
1011 3801 1073 3883 (vd.
1093 3804 1197 3863 Horat.

114 3823 168 3963 hp.
190 3881 225 3939 ad
246 3882 303 3940 Pis.
327 3905 354 3942 v.
373 3880 437 3961 ot.)
457 3881 493 3939 ah
510 3879 628 3953 Ennio,
648 3879 795 3957 Pacuvio,
816 3882 896 3940 Sext.
918 3884 1032 3963 Sempr.
1047 3884 1199 3965 Graccho,

117 3962 227 4033 Vario,
250 3960 382 4021 Curiatio
405 3965 540 4021 Materno
562 3973 591 4019 et
611 3961 729 4020 Seneca.

203 4046 284 4101 intra
303 4065 349 4101 rae
369 4047 431 4123 ipse
443 4039 593 4122 formari]
629 4042 798 4115 obtrusa,
828 4065 918 4122 quum
941 4045 976 4104 de
996 4045 1094 4107 animo
1115 4046 1199 4129 quasi

116 4122 235 4184 interno
256 4135 287 4182 et
309 4124 343 4184 de
359 4135 480 4204 pectore
501 4123 624 4199 dicatur,
646 4123 765 4184 eandem
782 4124 1024 4205 significationem
1046 4129 1134 4189 habet
1153 4142 1198 4189 at·

117 4208 227 4287 quein
247 4224 280 4264 se
298 4204 336 4266 de
356 4204 536 4288 cogitatione
558 4215 590 4264 et
608 4204 816 4282 meditatione,
846 4207 883 4266 de
902 4206 960 4284 iis,
982 4231 1055 4290 quae
1075 4210 1108 4270 in
1129 4231 1197 4272 cor-
