2634 4656
111 260 135 321 8
436 254 594 339 Dialogus
616 255 656 316 de
678 252 863 317 Oratoribus

112 436 190 495 nem
211 408 424 498 recitaverat,
449 436 555 509 quum
578 407 763 482 offendisse
785 405 970 508 potentium
988 406 1123 479 animos
1142 406 1192 481 ‹li-

92 506 262 595 ¹seretur,
289 524 446 607 tanquam
472 510 509 581 in
536 535 575 581 eo
597 507 789 603 tragoediae
810 523 1006 602 argumento
1030 509 1085 580 sui
1108 504 1193 579 obli-
1233 510 1237 599 l

112 624 311 687 tustantum
332 607 490 685 Catonem
510 608 705 703 cogitasset,
730 632 836 704 eaque
857 604 900 677 de
924 631 961 678 re
985 631 1050 705 per-
1073 605 1193 679 urbem
1221 642 1237 679 ,ι

112 706 272 805 frequens
301 732 411 778 sermo
445 704 646 793 haberetur,
680 703 910 777 veneruntad
947 729 1023 775 eum
1055 705 1201 801 Marcus,
1235 742 1237 747 ·

112 805 207 903 Aper
231 821 261 875 et
282 802 386 876 lulius
408 803 607 891 Secundus,
634 802 849 876 celeberrima
875 818 945 873 tuni
971 800 1110 899 ingenia
1130 802 1192 875 fori

112 901 236 989 nostri,
295 930 357 974 uos
383 931 445 1002 ego
476 903 510 974 in
537 900 671 974 iudiciis
697 929 766 972 non
796 918 958 1000 utrosque
989 900 1094 973 niodo
1124 922 1192 975 stu·

113 1000 209 1073 diose
224 930 420 1091 anlliebaua,
448 1001 510 1075 sed
526 1000 615 1075 domi
636 1026 770 1099 quoque
790 1017 823 1073 et
839 1000 874 1072 in
892 996 1030 1097 publico
1049 1018 1192 1075 assecta·
1232 1080 1237 1091 ¹

112 1097 176 1171 bar
198 1099 283 1172 mira
308 1101 495 1174 studiorum
521 1099 703 1201 cupiditate
728 1115 759 1171 et
785 1096 933 1199 quodam
958 1097 1080 1173 ardore
1103 1100 1192 1173 iure-

113 1292 162 1349 65.
199 1288 289 1377 Lang.
311 1291 399 1350 Vind.
419 1302 493 1374 trag.
512 1291 600 1351 Rom.
621 1311 650 1370 p.
672 1291 720 1349 14.
758 1291 805 1350 De
827 1286 942 1357 Catone
962 1279 1125 1367 Uticensi,
1141 1310 1192 1352 cu·

111 1369 159 1432 ius
179 1393 259 1433 mors
274 1376 297 1431 'a
311 1373 452 1433 Romanis
473 1371 557 1431 valde
578 1369 720 1431 celebrata
735 1373 901 1431 Maternum
923 1370 959 1430 ad
979 1368 1056 1431 hanc
1075 1374 1193 1455 tragoe-

111 1451 397 1615 giagnwscsrillpendam
430 1452 547 1536 impulit
574 1451 612 1513 cs.
636 1451 732 1513 Beier.
760 1454 796 1512 ad
825 1450 888 1514 Cic.
915 1451 952 1511 de
981 1450 1072 1513 offic.
1091 1454 1118 1531 1,
1146 1458 1213 1569 31.

193 1635 350 1717 offendisse
368 1640 529 1717 potentium
551 1639 667 1696 animos
722 1633 792 1717 Cap.
814 1638 862 1696 to.
884 1655 940 1716 pro
963 1634 1078 1697 Colone
1101 1622 1193 1717 offen-⁵

114 1718 181 1789 des,·
215 1717 255 1779 ib.
279 1722 477 1799 potentiorum
506 1738 595 1778 aures
621 1718 786 1796 ofendere3
813 1739 857 1799 cp.
881 1723 909 1777 6.
926 1728 1079 1799 potentes;
1101 1740 1146 1801 cp.
1166 1724 1193 1779 3.

110 1804 308 1881 potentissimi
334 1804 462 1860 ciuitatis
469 1825 490 1896 5·
505 1810 640 1883 potentes
660 1802 738 1859 Ann.
760 1802 781 1859 1.
803 1805 835 1879 2,
856 1804 903 1860 75.
932 1819 998 1859 cum
1025 1802 1194 1881 periculoso

110 1886 273 1964 potentium
295 1879 407 1960 assensa
429 1883 534 1957 Quint.
555 1884 592 1958 lt,
612 1889 665 1957 20,
686 1888 715 1940 8.

171 1995 334 2063 ¹tanquam
350 2021 389 2034 -
402 1987 450 2041 sui
472 1983 579 2042 oblitus
605 1994 721 2042 tontum
744 1983 885 2043 Catonem
913 1982 1091 2067 cogitasset]
1128 1984 1151 2045 1.
1169 2002 1194 2045 e.

112 2077 249 2147 tanquam
271 2063 331 2124 odii
353 2077 382 2124 et
403 2064 544 2145 periculi,
574 2065 654 2144 quod
677 2086 713 2124 ex
732 2063 790 2125 hoc
811 2076 997 2147 argumento·
1014 2066 1072 2126 sibi
1093 2068 1193 2127 uesce-

8 2182 13 2195 »
113 2158 215 2220 retur,
235 2168 337 2229 parum
357 2166 487 2219 memor,
509 2144 604 2205 solum
625 2143 767 2206 Catonem
788 2145 819 2204 in
839 2157 936 2219 rnente
958 2145 1122 2221 habuisset,
1144 2168 1195 2209 cu·

113 2227 160 2288 ius
182 2220 517 2288 acerrimum'libertatis
535 2226 683 2298 studium,
704 2249 795 2306 quum
815 2228 851 2286 ad
871 2249 964 2286 unum
985 2228 1083 2305 catinia
1105 2220 1196 2290 letata

114 2320 232 2385 essent,
270 2308 441 2389 potentibus
472 2320 596 2369 cavatatts
625 2329 753 2367 inrisum
777 2318 848 2368 erat.
898 2308 1038 2383 Cogitore
1069 2309 1196 2391 aliquem

114 2390 214 2471 Agric.
236 2410 281 2470 cp.
300 2398 348 2451 32.
377 2388 452 2449 Plio.
472 2390 547 2470 Epp.
567 2391 619 2465 vl,
640 2395 691 2465 31,
715 2395 761 2449 13.
792 2388 872 2451 Flor.
892 2391 929 2468 11,
951 2397 982 2468 8,
1002 2397 1032 2452 2.
1054 2423 1096 2437 -
1134 2392 1195 2463 Pro

114 2470 273 2532 haberetur
293 2469 366 2532 Cod.
386 2472 471 2532 Fara.
492 2472 625 2531 habetur.
1190 2470 1193 2475 ’

197 2558 388 2637 celeberrimo
409 2585 469 2635 tum
491 2579 609 2652 ingenio
626 2572 708 2656 sorr]
739 2574 786 2636 De
808 2572 905 2656 signis.
928 2575 1063 2637 adiectis.
1083 2576 1198 2637 celeber

115 2656 152 2717 cf.
167 2644 381 2737 Stuerenlsurg.
398 2657 435 2715 ad
456 2653 518 2716 Cic.
542 2678 586 2736 pr.
608 2655 699 2715 Arch.
720 2677 764 2736 cp.
787 2662 814 2716 3.
835 2679 863 2739 p.
884 2660 934 2717 40.
954 2658 1009 2717 Ed.
1033 2661 1123 2719 1832.
1144 2676 1198 2721 nec

115 2738 144 2796 h.
165 2738 184 2796 l.
205 2739 366 2797 immernor.
401 2737 551 2811 Ingenium
564 2733 631 2816 sori
645 2756 700 2817 pro
719 2749 836 2798 oratore
855 2737 1033 2820 vituperavit
1047 2738 1198 2801 Eckstein·

114 2818 252 2901 Prolegg.
272 2840 300 2899 p.
322 2819 386 2889 74,
414 2830 449 2876 ut
469 2839 513 2898 cp.
534 2823 562 2878 3.
582 2821 666 2877 intro
683 2838 806 2895 monus,
833 2820 1069 2902 apprehendere,
1099 2816 1198 2881 modu·

115 2920 187 2959 rure
201 2898 331 2978 fiestinm·
362 2919 407 2978 cp.
427 2901 458 2958 4.
479 2903 509 2958 in
531 2900 766 2959 consuetudinem
784 2905 885 2971 uertit5
915 2923 959 2983 cp.
980 2906 1009 2961 5.
1030 2898 1199 2963 substantio

107 2979 309 3059 facultatum
333 3001 377 3059 cp.
403 2985 450 3039 11.
471 2980 636 3065 eloquentia
651 2980 855 3059 'songtainons3
875 3004 919 3064 cp.
936 2989 983 3042 17.
1004 2995 1124 3045 sextam
1143 2984 1198 3059 Itu·

116 3065 163 3122 ius
179 3066 363 3143 principatus
383 3064 558 3133 stationemc
587 3084 632 3143 cp.
648 3069 698 3124 20.
728 3065 850 3142 impexo
870 3067 1051 3147 antiquitas,·
1082 3086 1129 3147 cp.
1149 3070 1197 3127 22

117 3145 243 3213 olentio,·
265 3165 310 3225 cp.
332 3144 381 3201 31.
404 3143 522 3204 dicendi
537 3165 629 3219 genus
650 3144 803 3203 collectum
885 3190 888 3197 .
1105 3223 1111 3233 ι
1203 3154 1208 3167 “

194 3238 349 3321 utrosque]
371 3239 518 3301 Pluralern
538 3262 595 3323 pro
617 3239 769 3322 singulari,
790 3262 881 3321 quum
901 3241 937 3302 de
961 3240 1078 3303 duobus
1098 3234 1198 3305 sermo

118 3317 174 3397 sit,
194 3319 230 3380 ab
252 3319 370 3400 optimis
392 3321 586 3404 scriptoribus
609 3321 765 3402 usurpari,
787 3323 873 3382 etiam
892 3344 907 3382 a
929 3321 1074 3384 Cicerone
1095 3346 1198 3405 quam·

117 3400 163 3461 vis
184 3402 402 3462 contradicente
424 3406 540 3484 Zumpt.
564 3404 618 3465 Gr.
637 3402 664 3485 ξ.
688 3405 756 3462 141.
778 3404 815 3464 Ν.
829 3411 876 3479 2.,
897 3403 972 3465 bene
993 3405 1095 3465 docuit
1115 3396 1222 3467 111111Ι

118 3482 155 3542 ad
175 3481 293 3543 Sallust.
312 3481 397 3544 Catil.
418 3506 462 3565 cp.
484 3491 553 3563 311,
584 3483 710 3545 asserens
732 3484 861 3565 exempla
882 3505 897 3544 e
917 3486 1010 3547 Tacit.
1029 3488 1110 3545 Ann.
1131 3488 1199 3565 XV,

119 3568 168 3623 55.
189 3564 270 3638 XVl,
292 3569 319 3621 7.
343 3568 390 3623 11.
410 3572 477 3641 21.,
506 3577 536 3626 et
562 3566 681 3626 Ramsh.
710 3566 764 3626 Gr.
793 3565 821 3648 ᾗ.
845 3571 912 3625 157.
938 3568 1008 3627 Not
1031 3573 1058 3626 7.
1087 3568 1199 3651 Reisig.

119 3644 236 3704 Vorles.
256 3644 305 3703 tib.
325 3646 386 3704 Lat.
407 3646 690 3727 Sprachwissensch.
712 3646 739 3730 ἓ.
762 3652 830 3707 193.
852 3660 881 3706 et
903 3648 989 3708 Haas.
1009 3660 1109 3709 annot.
1129 3654 1199 3715 332.

199 3740 390 3824 assoctobor]
413 3743 585 3804 »Assectori
595 3742 657 3803 fere
673 3744 812 3803 dicuntur
827 3744 1001 3821 inferiores,
1024 3745 1074 3826 qui
1091 3759 1200 3827 poten·

120 3818 212 3881 tiores
229 3823 259 3880 in
276 3824 403 3900 cosantia,
425 3825 546 3899 curiam,
567 3823 666 3885 forum
683 3826 861 3905 domumque
878 3826 1035 3901 deducunt,
1055 3828 1136 3887 omni
1153 3826 1200 3887 of·

120 3900 255 3962 liciorum
275 3926 382 3985 genere
401 3906 528 3966 colunt«
568 3904 686 3965 Ruhnk.
708 3904 807 3965 Schol.
829 3906 864 3965 ad
886 3909 967 3969 Suet.
990 3906 1072 3967 Caes.
1089 3930 1133 3989 cp.
1153 3912 1201 3969 19.

121 4004 150 4064 p.
171 3986 219 4043 34.
240 3984 303 4043 add.
325 3988 452 4046 Roeder.
472 3988 509 4047 ad
528 3987 633 4045 Horat.
653 3987 713 4045 Sat.
734 3988 811 4062 l,-9,
832 3993 858 4047 6.
896 3989 1009 4068 Dialog.
1031 4011 1075 4069 cp.
1099 3995 1127 4049 9.
1149 3990 1201 4049 de-

121 4063 204 4123 ducit
219 4099 253 4111 -—
270 4067 385 4126 salutat
399 4069 640 4148 —prosequitur
668 4065 789 4148 (quibus
820 4069 917 4129 verbis
947 4071 1131 4150 respondent
1148 4090 1202 4141 sa·

124 4146 285 4205 lutotor-
299 4147 443 4208 deductor
457 4184 496 4196 -
514 4157 682 4211 assectator
704 4149 744 4225 Q.
761 4147 823 4211 Cic.
836 4150 873 4210 de
889 4151 974 4233 petit.
992 4172 1075 4212 cous.
1092 4172 1138 4237 cp.
1156 4148 1201 4233 9.)
