2634 4656
91 291 95 296 ,
203 233 267 309 106
523 236 681 318 Dialogus
704 240 743 299 dc
766 238 951 303 Oratoribus

200 385 309 459 luntas
335 384 386 458 vel
410 388 515 459 satum
544 388 682 489 aliquod
713 393 749 464 in
774 389 893 465 urbem
918 381 1155 491 pertraxisset,
1191 395 1276 469 idem

200 502 232 560 et
257 486 432 585 Caesarem
458 486 569 584 ipsum
595 507 626 562 et
655 491 849 564 Ciceronem
869 491 999 573 ‚audire
1026 495 1137 591 potuit
1160 511 1194 567 et
1220 523 1277 569 nu·

199 587 276 659 stris
293 585 635 684 quoqueactionibus
655 589 825 663 interesse.
862 589 1020 661 Proximo
1043 591 1181 689 quidem
1201 621 1277 673 000,-

197 685 305 781 giario
332 684 396 784 ipsi
422 684 552 775 vidistis
576 687 754 787 plerusque
772 713 888 776 senes,
914 687 971 787 qui
992 715 1027 760 se
1046 715 1065 760 a
1081 690 1170 762 Divo
1195 719 1275 790 quo-
1308 756 1312 763 .

198 811 264 882 que
286 785 441 879 Augusto
468 784 570 857 semel
600 804 699 884 atque
723 787 844 859 iterum
877 787 1045 887 accepisse
1068 790 1275 885 congiarium

196 881 388 957 narrabant.
438 881 578 980 Exque
608 874 728 982 00111ςίΙ
743 900 854 986 potest
878 901 910 957 et
932 885 1113 959 Corvinum
1144 889 1189 961 ab
1214 887 1273 973 illis

197 997 229 1054 et
254 979 410 1054 Asinium
436 980 546 1053 audiri
571 983 740 1083 potuisse:
773 1011 850 1056 nam
876 983 1099 1075 Corvinusiu
1130 987 1274 1061 medium

194 1107 304 1180 usque
331 1079 476 1175 Augusti
511 1081 753 1182 principatum,
789 1082 928 1157 Asinius
959 1109 1065 1182 paene
1098 1084 1144 1157 ad
1171 1103 1274 1159 extre·

274 1254 303 1310 si
314 1251 558 1330 pertraxisset-
568 1250 644 1308 idem
662 1252 851 1311 et-aurlire
863 1250 977 1333 patuit]
1003 1252 1164 1336 etquidem
1182 1251 1272 1333 Codd

193 1331 279 1391 Farn.
297 1354 340 1412 ap.
358 1330 446 1390 Bekk.
467 1332 532 1390 Par.
554 1331 641 1391 Vind.
663 1344 734 1392 vett.
755 1334 828 1395 Edd.
846 1334 1004 1416 etquidem
1018 1345 1046 1393 et
1064 1331 1139 1397 Cud.
1157 1336 1271 1394 Parme

194 1413 290 1472 collat.
312 1411 468 1493 Schluttig.
490 1412 566 1470 islam
588 1434 624 1472 ex
641 1414 752 1473 emend.
782 1414 875 1474 then.
903 1437 983 1494 seqq.
1009 1416 1086 1474 idem
1108 1426 1139 1474 et
1158 1415 1271 1476 Wattt.

194 1494 267 1554 Ritt.
290 1495 377 1553 Bach.
400 1495 557 1553 Structura
578 1493 605 1552 h.
627 1493 645 1553 l.
675 1495 745 1554 satis
766 1495 904 1575 frequens
934 1509 980 1556 est
998 1496 1076 1576 apud
1105 1497 1226 1558 Latinos
1245 1507 1272 1558 et

192 1574 335 1656 imprimis
356 1576 432 1656 apud
451 1574 602 1649 Tacitum,
630 1575 681 1655 qui
708 1576 739 1635 in
761 1577 900 1637 eunciatis
922 1578 1171 1640 conditionalibus
1192 1579 1271 1660 plus-

193 1657 353 1739 quampcrl.
375 1655 555 1717 coniunctivi
577 1657 607 1715 in
628 1659 740 1737 protasi
757 1671 786 1717 et
823 1659 951 1719 raeteriti
974 1659 1004 1718 in
1025 1660 1149 1739 epodosi
1165 1661 1270 1722 indica·

191 1739 286 1798 tivum
301 1750 428 1820 ponunt,
449 1750 563 1797 utrem
581 1739 697 1819 quidem
714 1760 775 1799 non
795 1682 898 1800 lictum
915 1741 1092 1822 significent,
1114 1743 1167 1802 sed
1188 1762 1269 1822 quam

138 1823 141 1828 ’
192 1832 271 1880 certa
301 1820 470 1880 conditione
503 1820 599 1901 posita
635 1821 700 1881 fieri
728 1823 861 1902 potuisse
890 1834 940 1881 aut
968 1822 1104 1883 debuisse
1134 1823 1269 1906 cogitant

170 1901 260 1961 -Tac
275 1902 352 1962 Hist.
367 1905 417 1976 lV,
439 1904 487 1962 34.
515 1923 599 1982 quem
618 1906 646 1960 si
663 1908 764 1962 statim
787 1906 935 1984 impellere
951 1914 1143 1979 maturasset,
1162 1907 1270 1965 soluere

192 1984 335 2044 obsidium
349 1987 453 2066 potuit.
469 1986 490 2058 l,
502 1987 549 2042 64.
561 2005 653 2064 prope
667 1988 695 2042 in
708 1987 854 2065 proelium
870 2006 1020 2060 exarsere,
1042 1990 1075 2045 ni
1089 1988 1196 2046 Valens
1215 1987 1268 2046 ad·

192 2061 357 2126 monuisset.
378 2068 426 2137 lll,
448 2070 475 2124 9.
529 2065 617 2144 Quod
643 2069 671 2123 si
695 2065 830 2144 affuisset
854 2065 945 2143 fides,
979 2076 1033 2126 aut
1056 2072 1186 2148 opprimi
1210 2071 1270 2127 uni·

191 2153 281 2207 uersis
312 2148 532 2207 Vitellianorum
564 2146 670 2204 uiribus
700 2148 777 2206 duae
799 2150 925 2224 legiones
942 2159 1082 2229 potuere,
1111 2159 1166 2209 aut
1192 2160 1268 2210 retra

191 2240 279 2289 aetae
304 2230 422 2300 deserta
450 2228 544 2286 Italia
573 2237 685 2309 turpem
705 2227 813 2306 sugam
845 2234 1056 2290 conscivissent.
1099 2230 1202 2313 Agric.
1223 2236 1268 2292 31.

189 2311 349 2386 Brigantes
373 2344 407 2355 -
431 2330 468 2368 aa
491 2312 549 2367 nisi
564 2307 700 2387 felicitas
726 2313 951 2371 in·sucurdiam
983 2315 1132 2386 uertisset,
1163 2332 1269 2372 enum

189 2397 289 2468 iugum
307 2404 437 2476 patuere.
476 2391 532 2450 Vd.
554 2391 729 2450 Ramsborn.
751 2392 804 2451 Gr.
826 2392 854 2474 ξ.
880 2400 945 2453 193.
967 2400 994 2453 7.
1016 2397 1132 2473 Zumpt.
1152 2392 1179 2476 §.
1202 2399 1269 2454 519.

189 2474 278 2549 Bacb.
299 2476 333 2536 ad
355 2479 433 2534 Ann.
455 2475 478 2550 1,
501 2477 549 2533 35.
588 2474 711 2554 Rupert.
733 2475 780 2532 lll.
798 2476 859 2534 lnd.
878 2475 945 2534 Vol.
966 2477 1015 2534 IV.
1035 2497 1064 2555 p.
1087 2477 1158 2555 843.
1178 2475 1269 2536 Tacit.

272 2577 453 2675 actionibus]
495 2577 584 2638 Aetio
614 2589 659 2636 est
683 2577 777 2636 oratio
799 2576 844 2636 vel
867 2564 962 2635 habita
988 2576 1035 2636 vel
1056 2577 1184 2660 scripta,
1215 2598 1268 2661 qua

189 2660 402 2744 significatione
423 2659 495 2719 nrbil
517 2658 699 2738 frequentius
730 2659 807 2740 apud
828 2656 902 2718 Plin.
928 2669 958 2717 et
980 2658 1106 2733 Quintil.
1134 2663 1183 2721 vd.
1197 2662 1267 2729 Lex.

190 2764 213 2802 s.
238 2765 265 2800 v.
289 2742 393 2815 Quint.
417 2743 455 2817 X,
479 2745 507 2813 1,
531 2748 579 2799 22.
610 2741 707 2814 legere
728 2745 873 2808 actiones,
902 2749 935 2798 ut
955 2741 1163 2800 Demosthenis
1182 2753 1268 2827 atqua

187 2822 343 2882 Aeschinis
363 2827 439 2881 inter
465 2843 496 2880 se
527 2825 703 2880 contrarias.
741 2822 803 2895 Xll,
830 2826 877 2895 10,
899 2824 947 2879 51.
983 2842 1073 2904 neque
1101 2824 1189 2882 aliud
1208 2843 1267 2885 am

188 2901 336 2984 (videtur)
357 2907 454 2962 oratio
480 2907 593 2984 scripta
619 2925 707 2984 quarn
738 2911 953 2963 munumentum
982 2907 1109 2962 actionis
1138 2900 1266 2975 habitae.

187 2985 263 3045 Plin.
285 2987 358 3067 Epp.
380 2987 415 3062 ll,
436 2989 465 3045 5.
485 2986 537 3060 lX,
562 2989 608 3044 13.
658 2986 708 3045 sic
731 2983 801 3044 satis
818 2995 904 3043 notae
924 2996 994 3057 sunt
1009 2981 1164 3055 Ciceronis
1176 2986 1269 3049 actia«

186 3076 239 3128 n'es
263 3069 414 3129 Verrinae.
448 3066 524 3127 Dial.
545 3072 595 3126 26.
622 3075 785 3148 temporum
815 3074 982 3125 nostrorum
1009 3075 1125 3125 artures
1155 3089 1266 3143 memo·

185 3162 298 3211 rantur.

265 3251 411 3311 Proxima
432 3253 547 3334 quidem
569 3251 731 3329 congiario]
769 3251 790 3310 l.
813 3271 837 3309 e.
863 3248 995 3331 proxima
1023 3248 1142 3329 quidem
1165 3251 1266 3315 distri·

184 3333 308 3401 hutione
337 3333 494 3414 congiarii,
527 3355 600 3414 quae
627 3333 702 3393 iacta
730 3343 775 3393 cst
804 3353 827 3392 a.
854 3338 922 3392 826.
945 3333 983 3391 U.
1007 3329 1026 3390 l.
1073 3331 1265 3408 Congiarium

184 3414 307 3497 proprie
327 3425 373 3473 cst
393 3435 454 3490 vas,
477 3416 557 3494 quod
571 3415 719 3512 congium,
739 3415 970 3477 mensuratusex
991 3413 1200 3493 sextariorum,
1220 3437 1265 3477 ca-
1307 3417 1312 3430 '

182 3495 229 3579 pit
251 3495 374 3570 deinde,
396 3515 505 3555 nomeu
527 3517 677 3570 manens,
721 3516 760 3557 uo
781 3494 891 3575 liquida
911 3493 1018 3576 congio
1039 3495 1071 3553 in
1091 3495 1208 3576 plebem
1230 3497 1265 3571 ad

184 3578 247 3641 eius
268 3578 400 3638 savorem
430 3579 601 3658 captandum
623 3517 890 3653 distribuebantur,
933 3597 985 3636 uae
998 3575 1160 3655 antiquitus
1183 3588 1265 3649 erant

184 3661 231 3722 rel
254 3660 351 3721 oleum
372 3657 435 3717 Liv.
456 3661 553 3737 XXV,
572 3666 612 3734 2.,
632 3656 681 3719 vel
701 3657 802 3719 vinum
823 3656 897 3718 Pliu.
910 3598 956 3717 ll.
975 3658 1010 3716 N.
1033 3659 1114 3733 XIV,
1134 3662 1184 3735 14,
1206 3665 1263 3737 17.,

185 3742 233 3805 vel
254 3741 294 3803 sal
316 3741 354 3801 ib.
377 3742 486 3817 XXXl,
508 3751 536 3816 7,
560 3744 608 3816 14,
635 3753 737 3822 postea
757 3759 829 3801 vero
852 3738 1058 3821 ⁴largitionibus
1080 3739 1263 3809 invalescen-

182 3822 263 3884 tibus
285 3823 465 3882 lrumentum
486 3823 533 3882 vel
555 3823 627 3883 adeo
649 3821 789 3903 pecunia,
809 3841 882 3901 quae
902 3819 937 3881 ab
959 3820 1187 3902 Imperatoribus
1208 3824 1264 3905 po-
1294 3885 1302 3896 ,

184 3903 256 3985 pulo
280 3903 341 3962 dari
362 3903 482 3967 solebat.
504 3906 551 3963 vd.
572 3906 640 3972 Tac.
663 3903 740 3962 Aun.
764 3904 787 3977 l,
811 3907 857 3962 11.
882 3903 930 3976 111,
951 3907 1001 3962 29.
1027 3902 1109 3962 Suet.
1133 3903 1193 3977 Tit.
1213 3911 1263 3965 20.

184 3986 233 4045 54.
256 3982 346 4066 Calig.
368 3990 414 4043 17.
448 3987 476 4044 A
497 4006 556 4065 quo
585 3982 805 4054 discernebatur
827 3983 1013 4058 donatiuum,
1042 3985 1123 4063 quod
1149 3984 1185 4044 ab
1205 3988 1262 4047 lm·

182 4066 368 4149 potatoribus
390 4065 532 4133 militibus
561 4063 792 4135 distribuebatur
821 4064 869 4125 vel
893 4063 932 4124 01)
960 4064 1121 4146 auspicium
1143 4064 1263 4148 ‘imperii

183 4147 232 4212 vel
258 4146 298 4209 ob
325 4146 512 4229 adoptionem
535 4148 582 4209 vel
610 4145 650 4208 01)
677 4145 845 4208 victoriam.
866 4146 913 4207 vd.
942 4146 1024 4209 Suet.
1044 4146 1115 4217 Ner.
1138 4153 1165 4219 7.
1194 4149 1261 4210 Tac.
