2634 4656
124 202 177 289 ι58
213 248 215 255 ’
455 223 614 309 Dialogus
635 226 674 288 de
696 226 882 293 Oratoribus

130 395 167 452 ut
200 376 411 452 beatissimus
440 378 667 452 recitationem
698 381 770 453 eius
805 398 938 454 eventus
971 397 1208 482 prosequatur,

130 478 239 551 omnis
264 479 321 552 illa
350 478 422 551 laus
448 480 534 551 intra
560 506 663 551 unum
690 496 747 551 aut
772 480 909 553 alterum
940 481 1029 553 dictu
1062 480 1209 552 velutin

117 575 234 650 ‘berba
258 579 310 652 vel
334 577 416 651 llore
440 595 618 679 praecepta
642 578 686 651 ad
707 578 831 652 nullam
856 597 977 654 certam
1004 597 1037 653 et
1064 578 1207 652 solidam

80 763 82 767 ’
128 757 240 841 gisque.
268 757 323 819 snb
357 756 484 817 Traiano
519 760 696 836 magnopere
729 753 898 818 floruerunt
936 756 1032 824 studia
1064 756 1206 835 liberalia,

128 852 165 900 ut
190 851 309 938 apparet
336 859 372 899 ex
398 836 665 919 Pliniitepistolis,
693 836 743 918 qui
771 838 835 900 ise
864 839 1035 919 frequenter
1062 838 1205 913 recitavit.

88 940 89 944 ’
127 921 271 982 Homines
307 920 447 996 ditiores,
481 931 516 981 ut
541 919 687 995 Ammius
715 862 806 980 Stelli
835 933 864 981 et
892 922 932 979 M.
960 922 1075 980 Fronto
1108 918 1205 1001 poetis

126 1001 313 1064 tenuioribus
347 1002 451 1076 aedes,
491 998 563 1060 atria
598 1011 627 1059 et
657 999 789 1079 porticus
826 1001 861 1080 ad
888 1001 1077 1062 recitationes
1112 998 1204 1082 gratis

150 1083 321 1156 raebebaut,
354 1103 516 1178 quanquam
543 1080 591 1140 alii
622 1081 725 1141 domos
748 1081 862 1162 poetis,
889 1093 925 1141 ut
945 1081 1000 1142 sub
1023 1081 1205 1162 Vespasiano

126 1107 226 1244 balcio
244 1165 338 1224 Basso
359 1163 479 1238 accidit,
506 1161 596 1245 gratis
622 1161 762 1242 praebere
782 1163 937 1239 nolebant,
967 1163 1107 1243 quoniam
1126 1160 1204 1222 mul-

80 1248 83 1253 ’
125 1256 174 1308 tos
195 1248 345 1308 Romanos
367 1244 493 1325 taedium
514 1243 717 1304 recitationum
739 1265 754 1302 a
773 1243 908 1326 pessimis
932 1244 1029 1324 poetis
1051 1264 1138 1326 saepe
1156 1243 1204 1302 in-

125 1328 294 1390 stitutarum
314 1338 439 1409 ceperat.
480 1326 550 1385 lude
572 1325 607 1384 ab
624 1325 768 1384 Hadriano
788 1332 941 1407 poetarum
962 1325 1151 1385 recitationes
1171 1323 1205 1383 in

125 1409 298 1484 Athenaeo,
328 1409 407 1489 quod
435 1430 451 1488 p
472 1406 546 1466 imus
573 1407 622 1466 itte
642 1407 673 1465 in
692 1429 779 1465 usum
800 1419 951 1466 oratorum
971 1405 1204 1481 declamantium,

124 1491 241 1575 pbiloso
253 1489 370 1549 thorum
389 1488 599 1570 disputantium
621 1499 650 1547 ct
674 1499 826 1568 poetarum
848 1488 1030 1548 recitantium
1048 1499 1204 1549 exstruxe-

124 1585 187 1649 rat,
209 1515 323 1631 habitae
341 1570 471 1631 nondum
492 1591 566 1629 saec.
589 1574 637 1627 Vl.
658 1592 687 1650 p.
709 1567 763 1629 Ch.
783 1591 812 1629 n.
835 1569 1017 1631 intermissae
1038 1582 1118 1630 suut.
1156 1569 1204 1641 De

10 1656 17 1672 ⁸
124 1653 338 1716 consuetudine
358 1650 500 1712 invitandi
521 1651 687 1727 auditores,
710 1650 746 1710 de
768 1650 834 1711 loco
859 1663 889 1725 ct
908 1663 1060 1732 tempore,
1089 1670 1150 1731 quo
1172 1659 1203 1712 et

124 1736 242 1817 quando
264 1735 450 1795 recitationes
476 1732 593 1793 suturae
614 1744 730 1808 essent,
759 1733 885 1812 denique
913 1733 949 1793 de
977 1753 1082 1793 eorum
1102 1731 1202 1810 initio,

124 1830 286 1901 progressu
307 1827 337 1875 et
356 1816 416 1876 {ine
436 1814 506 1875 baec
527 1814 589 1874 sere
611 1826 681 1874 sunt
702 1815 834 1874 tenenda.
877 1815 1061 1875 Recitatores
1082 1814 1139 1874 ad'
1160 1812 1229 1873 ri-‘

123 1911 203 1960 natas
223 1898 409 1959 recitationes
438 1896 599 1956 invitabant
621 1897 668 1956 vel
695 1916 768 1956 voce
790 1894 837 1956 uel
859 1918 913 1977 per
932 1896 1060 1970 litteras,
1092 1907 1124 1956 et
1138 1836 1203 1956 boc

123 1979 232 2061 duplici
253 1980 342 2039 modo
365 1990 415 2038 aut
436 1999 490 2058 per
511 1976 660 2038 codicillos
681 1990 731 2036 aut
751 1999 806 2059 per
824 1977 939 2037 libellos
960 1977 1007 2038 vtl.
1028 1977 1104 2039 Plio.
1125 1978 1202 2059 Epp.

109 2066 171 2135 .ltt,
195 2067 240 2120 16.
283 2059 418 2120 Publicae
439 2071 543 2119 contra
562 2070 775 2139 programmate
796 2060 857 2119 sive
873 2059 970 2119 tabula
990 2080 1134 2139 suspensa
1151 2057 1201 2120 vel

118 2127 227 2204 libellis
246 2141 456 2202 indicebantur.
496 2139 657 2199 Auditores
679 2139 794 2199 invitati
814 2153 843 2200 et
863 2154 996 2222 tempore
1016 2140 1107 2223 (Plin.
1124 2141 1200 2222 Epp.
1255 2202 1258 2209 ,

120 2228 145 2301 l,
163 2230 208 2286 13.
234 2225 443 2285 commemorat
462 2242 592 2282 mensem
616 2220 759 2301 Aprilem,
781 2227 857 2297 Vlll,
881 2228 929 2283 21.
952 2221 1077 2297 lulium,
1097 2226 1200 2283 quen.

119 2310 168 2378 111,
189 2311 216 2366 9.
238 2300 420 2386 Aegistum)
449 2314 479 2364 et
505 2303 572 2362 loco
600 2314 710 2362 statuto
731 2303 951 2363 conveniebant.
989 2304 1123 2364 Privatae
1146 2302 1200 2364 ba-

120 2386 266 2449 bebantur
276 2387 306 2446 in
323 2385 508 2446 recitantium
523 2384 653 2457 aedibus,
676 2384 706 2442 iu
724 2384 865 2444 cubiculis
887 2397 916 2446 ct
930 2384 1078 2460 tricliniis,
1099 2384 1199 2466 publi-

66 2480 70 2485 '
120 2491 171 2532 cae
191 2468 221 2528 in
242 2468 328 2541 loro,
350 2467 378 2526 in
400 2466 535 2543 theatro,
564 2467 594 2525 in
617 2464 746 2543 balneis,
775 2466 805 2525 in
825 2466 987 2606 porticibus
1007 2466 1131 2547 aliisque
1151 2467 1198 2528 Ιο-

119 2548 162 2613 cis
192 2563 221 2610 et
249 2552 283 2610 ad
306 2549 401 2610 Asinii
425 2547 568 2609 Pollionis
598 2569 680 2608 exem
702 2547 761 2607 lum
780 2570 826 2607 vve
871 2548 900 2606 in
929 2548 1004 2607 atrio
1027 2548 1198 2626 Libertatis,

112 2632 165 2712 ⁵uel
186 2633 215 2691 in
236 2633 305 2691 aede
326 2631 472 2711 Apollinis
490 2629 631 2704 Palatini,
650 2571 699 2689 vel
718 2630 749 2688 in
769 2628 879 2711 templo
901 2631 1051 2689 Musarum
1072 2641 1101 2689 ct
1119 2630 1199 2691 Her-

118 2713 212 2787 culis,
240 2712 270 2771 in
298 2712 470 2787 Athenaeo,
497 2711 645 2769 interdum
672 2710 702 2770 in
736 2712 823 2771 domo
852 2710 963 2792 privata
983 2711 1029 2771 uel
1051 2712 1200 2773 conducta

119 2796 165 2879 (iu
194 2814 250 2872 qua
280 2790 457 2851 auditorium
491 2791 655 2871 sumptibus
683 2791 872 2863 recitantium,
896 2791 1052 2852 'subselliis
1084 2792 1199 2875 aliaque

118 2872 299 2955 supellectile
320 2885 381 2933 erat
403 2870 622 2954 instruendum)
649 2873 696 2932 vel
720 2874 810 2954 gratis
833 2873 867 2933 ab
890 2873 1057 2934 hominibus
1079 2874 1198 2935 ditiori-

117 2954 174 3017 bus
196 2953 333 3036 praebita.
375 2952 526 3014 Recitator
545 2965 595 3012 aut
617 2952 711 3030 solus,
730 2954 754 3014 si
775 2977 886 3036 pauper
906 2967 995 3030 esset,
1016 2954 1197 3017 auditorium

117 3037 289 3121 ingressus,
311 3048 360 3095 aut
375 3058 442 3096 cum
462 3055 568 3117 magno
585 3035 723 3095 comitatu
744 3037 902 3098 amicorum
926 3049 956 3097 et
974 3035 1196 3112 admiratorum,

117 3119 144 3182 si
165 3119 248 3180 dives
263 3130 294 3177 et
313 3117 420 3177 nobilis
438 3127 534 3193 essct,
566 3127 595 3177 et
615 3118 753 3198 quaedam
772 3119 808 3176 ad
828 3119 993 3178 auditorum
1015 3118 1197 3179 benevolen-

115 3200 185 3262 tiam
205 3201 371 3280 captandam
391 3197 536 3279 praelatus
564 3200 671 3282 scripta
691 3221 742 3260 sua
772 3201 876 3261 sedens
896 3199 1089 3282 praelegebat.
1131 3199 1196 3261 Au·

117 3283 229 3342 ditores
242 3302 315 3341 voce
358 3292 482 3359 estuque
496 3279 629 3360 plausum
644 3282 831 3341 immodicum
847 3294 933 3362 atque
949 3281 1082 3341 insanum
1100 3280 1201 3364 signi-e

116 3361 255 3435 tubane,
277 3302 414 3442 puliltrel
436 3361 526 3422 bene!
547 3364 642 3424 rectel
661 3363 866 3439 acclamantes,
888 3363 923 3422 de
945 3385 1004 3453 quo
1022 3362 1100 3425 inira
1120 3363 1195 3448 legi-

115 3465 182 3507 mns
202 3444 359 3504 clamorem
380 3464 484 3519 tagum
508 3454 537 3503 et
557 3465 636 3505 uoces
653 3448 755 3505 inanes
777 3455 806 3505 et
824 3446 968 3520 goudium
988 3447 1108 3506 volucre.

205 3555 236 3606 et·
262 3556 294 3607 ut
321 3546 506 3608 beatissimus
529 3553 728 3610 resitutionem
756 3553 818 3608 eius
843 3560 959 3609 euentus
979 3544 1194 3633 prosequatur]

112 3626 189 3690 Ptin.
210 3629 285 3710 ttpp.
305 3628 344 3702 X,
366 3633 394 3688 9.
439 3631 582 3691 Vestorius
602 3642 672 3689 tuae
688 3665 725 3676 -
745 3633 896 3706 gratulor,
919 3632 1053 3713 Deosque
1071 3634 1194 3692 immor-

113 3712 191 3770 tales
210 3731 328 3792 precor,
362 3720 394 3770 ut
419 3733 518 3772 omues
543 3716 731 3786 cogitationes
759 3724 827 3772 tuas
853 3722 917 3771 tum
937 3713 1033 3771 laetus
1051 3723 1195 3795 sequatur

113 3801 239 3851 euentus.
282 3791 394 3850 Beatus
416 3792 434 3852 i.
456 3816 483 3872 q.
503 3793 604 3852 laetus.
643 3793 747 3867 Quint.
769 3795 807 3867 X,
830 3798 858 3866 1,
881 3798 929 3852 61.
950 3793 1123 3852 beatissima
1143 3813 1194 3855 re·

112 3892 180 3934 rum
203 3872 407 3956 uerborumque
425 3879 507 3956 copia
527 3873 596 3952 ibiq.
617 3872 736 3943 Herbst.
756 3873 904 3935 Boettich.
922 3874 992 3935 Lex.
1006 3875 1075 3935 Tac·
1096 3897 1120 3935 s.
1142 3896 1184 3936 v.-

194 3974 272 4033 oelut
298 3977 507 4036 interiacet
522 3977 604 4059 flore
626 3977 802 4061 praecepta]
834 3980 870 4040 Iu
891 3980 983 4039 herbo
1004 4013 1045 4028 -
1071 3981 1102 4037 t'u
1121 3977 1193 4037 lter-

113 4055 159 4115 bt's
179 4055 403 4147 estoldicuntur
427 4057 591 4137 frumta,
621 4081 711 4139 quum
738 4061 869 4144 germina
887 4063 1005 4122 mittere
1026 4070 1193 4141 coeperunt

110 4135 239 4199 necdum
271 4135 385 4203 tristas-
419 4139 466 4202 vd.
501 4140 564 4204 tto.
596 4143 693 4223 XXV,
723 4147 770 4206 15.
824 4142 963 4206 &caules
992 4178 1032 4191 -
1063 4145 1192 4219 legroues

565 4272 577 4299 b
