2634 4656
182 293 243 354 114
297 340 302 344 -
503 290 660 371 Dialogus
684 289 722 348 do
746 285 931 347 Oratoribus

183 445 343 519 Cicerone
366 442 478 515 mitior
504 442 666 515 Corvinus
693 456 725 512 et
746 438 880 511 'dulcior
907 455 939 509 et
957 438 994 508 in
1016 434 1130 508 verbis
1156 437 1260 528 magis

161 545 381 619 elaboratus.
411 543 480 614 Nec
504 568 640 639 quaero,
672 540 746 638 quis
771 536 1028 609 disertissimus:
1053 534 1118 607 hoc
1134 534 1262 607 interint

182 643 346 744 probasse
380 658 690 729 rorulentos-snm„
714 665 783 734 non
818 664 890 709 esse
923 662 1028 707 unum
1057 631 1262 732 eloquentiae

184 741 321 828 vultum,
349 740 462 812 sedin
489 738 556 810 iltis
578 765 723 836 qnoque,
750 764 835 833 quos
855 735 978 806 vocaris
998 731 1167 831 antiquos,
1192 730 1263 831 plu-

184 867 239 913 res
266 839 397 940 species
424 836 643 938 deprehendi,
670 838 734 908 nec'
758 837 867 907 statim
887 831 1033 904 deterius
1061 857 1147 919 esse,
1176 828 1265 928 qnod

186 1008 324 1081 utantur,
352 1029 427 1087 quos.
451 1007 599 1088 appellant
619 1007 745 1082 τρόπους,
776 1013 804 1063 et
830 1005 1040 1062 sententiarum
1068 1002 1265 1079 orationisque

178 1086 306 1167 formis,
327 1108 401 1169 quaa
423 1097 524 1146 vorant
544 1091 687 1160 σχήμαιαι
711 1108 776 1143 rnou
801 1085 954 1143 uerisimile
975 1093 1039 1156 est,
1068 1102 1159 1163 quam
1180 1084 1220 1139 sit
1239 1083 1266 1139 ia

189 1179 307 1250 utroquo
334 1190 439 1241 garrera
467 1179 495 1226 ot
517 1169 618 1226 crubor
646 1177 676 1225 ot
696 1169 846 1238 distinctus
867 1165 942 1224 Catu
966 1197 1000 1209 —-
1035 1163 1086 1223 ubi
1107 1160 1266 1221 Bernhard.

187 1249 220 1309 in
240 1250 294 1309 Ed.
315 1251 429 1331 Meyer.
450 1250 477 1306 h.
495 1271 523 1308 v.
545 1248 620 1308 hene
641 1248 682 1307 sic
699 1247 867 1327 explicavit:
885 1245 968 1320 »Qui
985 1246 1149 1325 prudenter
1168 1254 1199 1303 et
1214 1238 1267 1302 cal-

188 1331 249 1391 lido
270 1341 499 1410 temperamento
520 1331 592 1389 locis
614 1330 675 1389 suis
703 1350 833 1408 quaeque
854 1327 963 1386 lumina
984 1326 1167 1406 distinguere
1187 1323 1270 1383 norit

191 1424 221 1472 ot
242 1412 408 1492 pervarias
431 1413 514 1471 sedes
537 1412 710 1491 disponere,
732 1433 769 1470 ne
790 1410 869 1469 sorte
890 1408 996 1469 nimius
1018 1419 1141 1476 ornatus
1160 1405 1268 1486 pictum

190 1493 298 1553 efficiat
335 1514 500 1552 sennonem
531 1505 560 1552 et
587 1491 782 1570 aequabilem:
813 1513 841 1549 v.
864 1491 899 1549 de
930 1490 1013 1549 Orat.
1035 1490 1083 1560 ΙΙΙ,
1106 1493 1155 1547 25.
1188 1489 1269 1544 ·Vox

190 1574 304 1634 abusu
331 1574 478 1654 pictorum
501 1575 674 1653 repetenda:
705 1573 740 1632 de
768 1593 827 1650 quo
858 1592 887 1631 v.
908 1570 1034 1645 Quintil.
1055 1570 1135 1642 Vlll,
1156 1574 1188 1640 5,
1207 1573 1270 1627 aa«

190 1656 266 1715 Add.
284 1653 344 1714 Cic.
361 1656 444 1714 Brut.
462 1661 512 1726 27,
527 1661 574 1714 02.
597 1652 754 1734 (Demetrii
761 1651 905 1729 ¹¹Phalerei
926 1648 1105 1728 orationem)
1125 1651 1272 1708 illustrant

192 1740 279 1818 quasi
296 1739 398 1795 stellae
413 1737 559 1818 quaedam
579 1738 728 1795 translata
744 1735 830 1792 oerha
851 1745 938 1815 atquo
952 1737 1167 1791 immutata-
1192 1727 1273 1805 Quid

192 1818 232 1877 sit
254 1818 382 1876 urbanus
411 1817 521 1897 optime
546 1817 659 1876 definiit
687 1815 790 1890 Quint.
812 1817 864 1888 Vt,
886 1821 916 1890 3,
940 1819 986 1873 17.
1027 1813 1161 1882 Narrat
1183 1810 1273 1870 urhu-

191 1903 272 1970 nitas
294 1899 414 1959 dicitur:
433 1918 492 1979 pua
514 1899 626 1979 quidem
642 1896 803 1981 significari
822 1897 902 1955 rideo
922 1908 1083 1955 seruauerant
1102 1891 1273 1975 praeferar·
1308 1916 1313 1922 ·

190 1991 252 2040 tem
273 1983 303 2037 iu
324 1981 416 2038 arrhis
436 1990 465 2037 et
484 2001 554 2037 sono
574 1989 604 2037 et
624 2001 677 2053 usu
694 1982 844 2059 proprium
873 1977 1019 2057 quandam
1041 1988 1160 2050 gustum
1175 1974 1271 2035 'Urhis

193 2073 224 2120 et
250 2070 397 2142 sumptam
428 2081 466 2117 ea
494 2065 708 2119 corrooraationo
736 2054 885 2118 do'ctorum
911 2061 1037 2116 tacitam
1063 2056 1276 2116 eruditionem:

153 2214 156 2220 ι
195 2141 316 2221 dariique
336 2145 383 2199 cui
403 2151 554 2200 coutrariu
569 2145 608 2200 sit
628 2143 776 2199 rusticitas·
793 2142 833 2218 [et
846 2138 1038 2220 peregrinitas
1053 2137 1093 2196 ib.
1106 2122 1276 2213 ΧΙ,3,30..]

128 2262 131 2269 -
193 2221 236 2280 lb.
260 2227 326 2280 107.
368 2221 447 2282 Nam
470 2242 534 2280 tneo
554 2221 670 2303 quidem
689 2221 795 2280 iudicio
823 2223 876 2279 illa
897 2231 941 2278 ast
962 2220 1136 2293 urhauitas,
1165 2222 1197 2276 iu
1217 2236 1284 2300 qua·

112 2314 120 2322 ·
195 2303 269 2360 nihil
284 2303 432 2374 absonum,
454 2304 528 2360 nihil
539 2312 666 2376 agreste,
686 2304 761 2360 nihil
778 2301 966 2375 inconditum,
990 2295 1063 2358 nihil
1078 2301 1276 2381 peregrinum,

195 2403 287 2465 acque
308 2404 393 2442 seusu
416 2405 505 2466 nequa
529 2385 620 2441 arrhis
641 2405 729 2466 nequa
755 2404 805 2442 ore
833 2393 950 2456 gesture
970 2386 1060 2464 possit
1081 2380 1276 2467 depraecari.-

196 2475 228 2525 ut
248 2487 304 2523 uon
335 2475 397 2524 tam
412 2469 458 2523 *sit
484 2469 514 2523 in
538 2466 661 2539 siugulis
681 2466 767 2524 dictis
791 2486 879 2545 quarp
901 2467 930 2522 in
951 2474 1012 2524 totu
1033 2463 1136 2543 colora
1151 2461 1290 2539 dicandi,-

197 2549 294 2628 qualis
316 2546 398 2627 apud
427 2547 558 2605 Graec-os
589 2548 736 2620 ἀιτικισμός
765 2549 813 2605 itte
842 2544 975 2603 redolens
994 2543 1181 2603 Athenarum
1207 2564 1279 2623 pro-

193 2632 291 2708 prium
320 2649 463 2709 saporem.
509 2626 553 2687 Cf.
574 2629 645 2686 Ern.
670 2625 878 2694 ClavaCicsss.
898 2647 925 2685 v.
964 2627 1035 2684 Ero.
1057 2626 1127 2683 Lex.
1149 2622 1279 2685 technol.

113 2711 116 2715 ’
198 2710 302 2768 Graec.
325 2730 347 2767 s.
379 2711 509 2774 πολιτικός
530 2714 562 2768 et'
578 2711 639 2767 Lat.
667 2731 690 2767 s.
717 2708 854 2767 urbanus.
890 2709 968 2787 Rup.
989 2707 1024 2765 ad
1044 2707 1112 2764 Tac.
1143 2696 1279 2778 ltiujtt,

197 2789 380 2951 {Saliam
408 2789 515 2848 hebrb.
537 2791 565 2848 d.
598 2789 646 2848 lat.
674 2791 717 2849 St.
749 2811 777 2890 p.
806 2794 856 2849 07.
892 2790 1058 2848 Westernr.
1088 2788 1126 2846 G.
1151 2788 1179 2846 d.
1201 2809 1226 2846 r.
1244 2787 1279 2847 Β.

234 3016 237 3021 ,
281 2958 407 3041 dulcior]
443 2961 545 3021 Dulcis
566 2973 668 3020 orator
694 2960 718 3019 is
740 2971 803 3033 est,
834 2959 883 3038 qui
911 2959 1007 3019 utitur
1035 2978 1144 3040 genere
1165 2956 1281 3019 dicendi

198 3040 358 3115 mediocri,
388 3043 581 3122 temperato,
598 3043 737 3113 remisso,
771 3043 850 3120 quod
877 3043 1031 3121 praecipue
1060 3062 1126 3100 cum
1156 3039 1281 3100 naturali

199 3123 320 3201 quadam
340 3135 493 3182 venustate
513 3136 542 3182 et
565 3125 705 3182 suavitate
726 3123 914 3182 coniunctum
936 3135 997 3190 est,
1022 3142 1095 3200 quae
1117 3120 1225 3181 dulced
1263 3141 1280 3181 a

200 3203 321 3262 Graecis
343 3207 471 3275 γλυκύτης
491 3217 521 3262 et
540 3206 622 3276 ἡδονή
645 3205 760 3264 dicitur.
802 3202 847 3263 Cf.
870 3202 930 3262 Cic.
953 3203 1014 3264 Osi.
1034 3207 1057 3275 Ι,
1083 3208 1107 3261 l.
1128 3206 1189 3261 nisi
1219 3210 1281 3263 vrit

198 3281 369 3341 Demetrius·
388 3281 551 3345 Phalereus
578 3290 608 3343 in
629 3287 682 3344 hoo
700 3305 820 3345 nurnero
849 3285 954 3342 huheri
970 3294 1084 3366 puteat,
1111 3283 1280 3365 disputatur

198 3362 330 3436 subtilis,
352 3374 577 3446 oratorpurum
600 3368 765 3438 reiteratur,
786 3367 877 3425 dulcis
894 3375 1010 3438 tomen,
1032 3375 1064 3423 ut
1086 3363 1282 3446 Theophrasti

199 3443 373 3524 discipulum
399 3450 495 3524 possis
526 3466 700 3520 agnoscere,
731 3446 796 3506 coll.
819 3446 901 3506 Orat.
923 3453 972 3518 27,
995 3452 1043 3506 92.
1072 3449 1157 3504 ouius
1185 3449 1280 3507 uratia

199 3545 289 3604 quum
309 3524 412 3583 sedata
429 3526 597 3608 placidaque
617 3530 744 3608 quuitur
763 3528 817 3586 etc.
840 3528 923 3585 Brut.
946 3533 996 3600 31,
1020 3532 1087 3586 tat.
1114 3527 1210 3587 dulcis
1235 3524 1278 3587 di·

199 3609 279 3666 eitur
301 3605 536 3687 Theophrastus,
562 3609 665 3682 Quint.
690 3604 728 3682 X,
753 3613 781 3681 1,
802 3613 851 3666 73.
887 3608 1073 3681 Herodotus,
1095 3613 1145 3668 77.
1179 3608 1279 3692 Hypo·

200 3686 280 3746 rides
300 3686 357 3746 uhi
373 3688 419 3746 vd.
441 3687 561 3747 llerbst.
602 3687 648 3749 (ΙΙ.
669 3689 740 3747 Ern.
761 3691 830 3748 Lex.
850 3688 947 3748 tecbn.
966 3691 1028 3748 Lau
1049 3710 1072 3749 s.
1095 3709 1124 3750 v.

281 3776 335 3836 hoc
353 3776 488 3858 interim]
517 3779 616 3860 Agric.
639 3785 666 3836 3.
688 3785 736 3836 20.
759 3784 808 3838 25.

281 3882 338 3920 non
359 3883 421 3920 esso
441 3886 527 3922 renum
543 3867 727 3944 ,eloquentiae
753 3864 877 3947 uultum]
906 3866 1026 3941 Forma,
1036 3864 1156 3944 figura,
1171 3862 1279 3943 sarriet,

198 3945 306 4019 species
327 3954 356 4001 et
377 3944 470 4001 uultus
490 3956 523 4002 ut
545 3966 710 4039 synonyma
733 3945 794 4004 lere
807 3948 842 4006 de
860 3947 999 4008 varietate
1013 3960 1042 4007 et
1053 3944 1280 4007 commutatione

198 4020 341 4080 orationis
362 4036 558 4105 usurpantur:
588 4026 692 4099 Quun.
713 4027 765 4098 tx,
786 4035 816 4101 2,
842 4034 889 4087 63.
911 4039 939 4087 et
961 4030 1034 4091 dara
1056 4033 1168 4093 actioni
1186 4030 1279 4087 varios

128 4114 137 4129 ³
198 4103 273 4161 uelut
296 4104 396 4162 uultus.
414 4105 479 4178 xtt,
501 4110 548 4176 10,
571 4110 617 4164 69.
636 4108 735 4186 plures
757 4112 847 4181 igitur
863 4113 954 4169 etiam
975 4109 1279 4193 eloquentiaasacias.

272 4189 373 4268 pluras
391 4187 517 4284 spectes]
555 4191 610 4253 vd.
632 4192 707 4256 Dial.
732 4198 782 4257 28
798 4196 899 4276 plures
911 4195 1032 4274 formas
1054 4196 1172 4258 dicendi
1190 4199 1279 4256 etiam
