2634 4656
113 258 181 320 230
315 248 318 256 ’
432 253 588 337 Dialogus
609 252 647 314 de
671 248 855 326 omnebus
919 234 942 259 ’

112 405 316 486 nonninus
339 406 374 480 in
392 403 530 480 (liversis
555 403 721 480 subselliis
742 402 852 521 parari
891 402 1076 488 uam-suis:
1100 401 1178 477 inde

112 509 194 608 quin
215 507 315 578 inimo
333 508 536 579 constantius
559 532 715 602 surgere,
740 505 788 593 abi
809 430 1177 577 fidelius-corroborari.

110 611 222 707 Atque
241 605 381 678 Hercule
406 605 476 678 sub
491 604 653 679 eiusmodi
671 603 942 705 praeceptoribus
963 602 1094 675 iuvenis
1115 600 1179 690 ille,
1200 626 1204 631 ·

113 706 155 780 de
191 733 257 807 quo
285 703 315 777 lo
342 707 466 792 uimur,
501 722 668 804 oratorum
702 700 903 803 discipulus,
936 702 1001 774 fori
1036 700 1178 791 auditor,

113 821 253 899 sectator
278 733 495 904 inliciorunm,
524 804 672 877 eruditus
696 821 729 877 et
753 801 955 876 assuefactus
981 799 1100 874 alienis
1115 826 1180 891 ‚er-

23 898 27 906 ’
113 902 323 1020 perimentis,
358 902 409 975 cui
436 903 844 998 cotidie‘audienti'notae
867 900 976 997 leges,
1010 904 1081 972 non
1105 897 1177 972 novi

113 1001 409 1089 rudicumevultus,
442 1003 602 1102 frequens
623 1003 658 1075 in
688 1003 792 1076 oculis
818 1000 1023 1080 consuetudo
1048 999 1179 1093 concio·

113 1130 214 1188 nuru,
247 1128 346 1200 saepe
372 1103 522 1198 cognitae
547 1101 660 1202 populi
689 1102 804 1188 aures,
838 1101 907 1173 sivo
937 1100 1181 1175 accusationem

27 1267 30 1272 .
115 1217 304 1302 susceperat
325 1201 392 1272 sive
417 1201 659 1296 defensionem,
694 1201 784 1274 solus
810 1199 916 1272 statim
943 1216 974 1270 et
996 1226 1086 1270 unns
1113 1197 1184 1289 cui·¹

69 1342 72 1347 ·
115 1328 246 1400 cunque
270 1327 386 1373 causac
411 1328 473 1401 par
500 1317 577 1373 erat.
636 1300 860 1374 Nonodecimo
890 1299 1002 1372 aetatis
1030 1326 1119 1370 anno
1143 1297 1177 1368 L

77 1476 81 1483 ’
116 1469 173 1531 scis
194 1469 367 1553 postbene)
394 1468 507 1530 Schola.
538 1471 579 1531 sic
599 1471 804 1551 interpretatus
833 1480 894 1529 est:
929 1480 990 1528 »est
1010 1469 1180 1546 βραχυλόγος

116 1553 240 1613 dictum:
264 1564 298 1611 ut
317 1552 435 1631 qnidenr
448 1552 520 1611 male
539 1554 613 1613 dieta
635 1552 840 1634 sugillarentur
860 1562 890 1610 et
909 1549 1203 1632 exagitarentursbs

116 1634 222 1694 invidis
245 1647 275 1693 et
296 1633 483 1706 adversariis,
505 1633 543 1694 ita
563 1647 657 1695 nmen
677 1646 711 1692 nt
729 1634 802 1700 bene
823 1633 897 1692 dicta
918 1653 1007 1712 aeque
1029 1632 1195 1691 laudarem·

116 1728 167 1776 tar
190 1715 225 1778 ab
251 1715 333 1775 illis:
353 1717 446 1775 virtus
468 1716 593 1776 enimet
619 1717 648 1775 in
670 1717 753 1781 hoste
773 1715 934 1774 laudanda«
976 1714 1053 1774 ltud.
1083 1712 1178 1795 Agric.

118 1797 312 1858 coniecturam
326 1794 390 1856 ¹nec
410 1799 492 1857 male'
512 1820 562 1857 nec
581 1800 650 1857 bene
671 1799 748 1856 dicta
774 1795 893 1877 probata
913 1796 1001 1877 Lips„
1014 1808 1043 1855 et
1064 1797 1178 1855 Broter.

117 1891 232 1960 recepta
253 1891 298 1938 est
319 1899 333 1939 a
353 1879 434 1960 sip,
464 1879 578 1940 Pithoei
598 1902 648 1942 nec
668 1881 736 1938 irene
759 1899 810 1938 ncc
832 1880 908 1937 male
928 1878 1010 1936 dicta
1031 1898 1046 1936 a
1065 1875 1177 1936 Waltb.

201 1965 230 2019 in
255 1961 374 2020 diuersis
401 1961 558 2043 subselliis]
603 1965 623 2022 l.
652 1983 676 2021 e.
704 1965 734 2020 in
760 1959 909 2028 subselliis
939 1958 1178 2018 adversariorum.

70 2100 73 2105 ,
118 2044 164 2104 De
191 2041 285 2122 signif.
313 2042 367 2100 adi.
394 2043 522 2102 diuersus
546 2045 593 2102 vd.
621 2054 718 2102 anirot.
748 2042 785 2101 ad
803 2042 875 2102 Dial.
899 2046 942 2102 1.:
971 2053 1133 2122 usurpatur
1149 2040 1178 2100 io

119 2123 211 2201 causis
239 2123 274 2181 de
298 2123 416 2184 adversa
440 2135 520 2203 parte
539 2146 554 2182 a
571 2125 681 2205 scriptt.
701 2124 800 2183 aetatis
822 2145 897 2203 arg:
920 2144 957 2183 eac
979 2123 1094 2182 dr'uerso
1115 2143 1177 2182 con·
1211 2134 1216 2143 '

119 2209 222 2265 sistens
234 2213 375 2285 patronus
396 2205 499 2280 Quint.
516 2207 564 2279 lV,
585 2210 612 2280 1,
631 2210 680 2266 42.
702 2201 966 2266 diuersa‘subsellia
980 2207 1032 2279 Xl,
1049 2211 1080 2280 3,
1099 2210 1176 2275 1³³4

119 2287 243 2349 aduersa
268 2285 406 2344 subsellia
426 2284 452 2366 ξ.
475 2291 540 2346 132.
566 2298 595 2346 et
618 2289 667 2360 Vl,
693 2292 719 2359 1,
741 2292 788 2346 39.
835 2288 977 2366 Subsellia
999 2298 1070 2345 sunt
1099 2286 1177 2347 sedes

118 2369 264 2440 indicum,
284 2378 491 2450 patronorum,
512 2370 734 2444 advocatorum,
761 2369 899 2444 testium,
926 2367 1086 2429 amicorum
1106 2366 1177 2427 utri·
1208 2400 1211 2405 ·

21 2525 23 2533 Ι
119 2471 212 2531 usque
233 2448 321 2531 partis
342 2470 358 2509 e
379 2450 500 2530 regione
521 2448 575 2519 sibi
595 2451 753 2533 oppositae.

154 2542 159 2551 ⁸
201 2532 267 2590 inde
283 2535 450 2608 quinimmo
467 2537 645 2592 constantias
656 2553 791 2608 surgere,
811 2533 853 2591 ibi
888 2528 960 2590 ferde
974 2529 993 2590 i.
1012 2551 1037 2590 e.
1052 2551 1070 2590 e
1085 2529 1177 2590 diser·

122 2612 162 2673 sis
184 2612 346 2689 subselliis,
375 2614 416 2673 ibi
434 2613 453 2675 i.
476 2635 533 2674 e.e
557 2615 626 2674 suis.
653 2617 713 2675 ·De
735 2614 820 2673 form.
857 2633 928 2674 ama
947 2616 1041 2686 surgit
1062 2612 1099 2672 cf.
1121 2611 1176 2673 cie.

120 2695 203 2776 Epp:
216 2695 251 2757 ad
271 2697 346 2754 Fam.
367 2697 443 2770 Vlll,
464 2703 491 2755 8.
512 2717 619 2777 magna
639 2699 716 2757 illico
729 2694 819 2774 sam-a
837 2699 973 2756 surrexit.
996 2694 1102 2768 Quint.
1118 2695 1178 2768 xit,

123 2781 153 2849 9,
174 2785 201 2840 4.
223 2781 347 2852 resurgit
359 2775 469 2854 ssrrtr'ur
484 2776 581 2856 suma.
602 2780 668 2839 Tae.
689 2778 765 2838 Hisr.
783 2779 818 2850 ll,
839 2780 887 2838 42.
908 2780 933 2836 is
952 2797 1053 2836 rumor
1075 2776 1113 2835 ab
1129 2796 1179 2834 es·

120 2859 316 2938 piscatoribus
350 2860 456 2918 Vitellii
480 2860 624 2941 dispersus
649 2881 690 2920 an
720 2863 750 2918 in
776 2863 840 2941 ipsa
869 2860 989 2918 Othonis
1016 2868 1105 2941 parte
1132 2874 1182 2917 seu

122 2939 188 2999 dolo
206 2961 257 2998 seu
268 2938 349 3021 firrte
366 2946 527 3003 sur-renent
546 2963 651 3024 parum
671 2952 855 3023 compertum.
1110 2933 1114 2939 ’

195 3028 260 3108 fiiri
270 3029 412 3112 'auditorJ
434 3033 455 3090 l.
476 3053 500 3092 e,
522 3032 638 3092 auditor
656 3043 805 3093 oratorum
826 3022 857 3092 in
877 3030 944 3089 foro
964 3029 1121 3112 agentium.

69 3164 77 3173 .
202 3115 260 3171 sioe
282 3117 494 3177 accusationem
514 3124 680 3198 susceperat
698 3118 757 3173 siue
778 3104 992 3192 defensionem]
1019 3110 1064 3172 Cf.
1084 3119 1181 3189 annot.

124 3193 159 3252 ad
180 3193 253 3252 Dial.
272 3200 300 3254 b.
320 3194 422 3269 Quint.
444 3197 508 3268 ΧΗ,
526 3202 553 3270 7,
578 3203 659 3294 ispe
697 3198 797 3277 Quum
817 3194 961 3255 difficilius
983 3205 1062 3254 esset
1082 3194 1181 3254 deicu-

125 3274 193 3334 dere
217 3275 339 3354 aliquern
361 3298 444 3356 quarn
465 3298 615 3352 accusare,
636 3299 754 3338 iuvenes
777 3278 851 3359 apud
871 3279 1019 3338 Romanos
1041 3275 1196 3356 eloquen-.

125 3357 181 3416 tiae
213 3357 378 3426 tirocinium
410 3358 439 3416 in
472 3357 578 3421 illustri
612 3359 705 3440 aliqua
736 3359 917 3421 accusatione
935 3357 1100 3441 ponebant.
1138 3355 1182 3418 Cf.

30 3511 35 3522 .
125 3437 251 3520 Boettig.
273 3439 307 3498 cle
329 3439 489 3521 originibus
517 3441 643 3500 tirocinii
665 3442 740 3523 apud
761 3445 916 3503 Romanos.
945 3439 1074 3500 Wimer.
1097 3444 1186 3507 1794,Ι

126 3543 154 3606 p.
175 3525 203 3579 5.
232 3522 354 3579 Gesner.
382 3534 411 3581 et
434 3522 579 3604 Spalding.
600 3523 634 3582 ad
655 3524 758 3601 Quint.
778 3528 889 3596 v,13,
911 3528 938 3580 3.
975 3519 1036 3582 Cic.
1066 3542 1113 3581 or.
1138 3541 1185 3602 pra

128 3600 203 3664 Cast.
224 3608 272 3662 so.
292 3614 364 3663 extr.
408 3606 501 3665 Voluit
524 3604 666 3686 (Laelius)
689 3617 782 3666 uetere
801 3609 929 3664 instituto
956 3624 1058 3663 corum
1082 3602 1190 3663 adole*

126 3688 264 3759 scentiam
286 3686 434 3766 exemplo,
460 3689 509 3769 'qui
525 3697 591 3767 post
607 3691 765 3747 incivitate
784 3690 890 3750 summi
908 3689 962 3743 oiri
982 3697 1011 3744 et
1030 3687 1185 3745 clarebunt

128 3770 203 3824 ciues
225 3770 413 3842 sustiterunt,
440 3769 612 3828 industriam
633 3790 717 3830 suam
745 3790 765 3829 a
788 3770 893 3852 populo
916 3769 1049 3847 Romano
1068 3788 1108 3826 eas
1129 3768 1185 3826 att-

127 3867 184 3929 qua
204 3849 310 3907 illustri
327 3854 509 3909 accusatione
522 3855 662 3926 cognosci.
701 3850 804 3933 Aqno
825 3848 859 3911 C.
879 3849 1041 3910 Antonium
1058 3849 1186 3930 primum

127 3941 288 3990 accusatum
309 3952 371 3989 esse
392 3953 435 4011 cp.
458 3937 505 3995 31.
525 3944 664 3995 narratur.
1088 3998 1091 4010 ,

207 4012 284 4070 solus
301 4016 401 4072 statim
431 4023 459 4071 et
486 4036 556 4074 unus
583 4019 737 4096 cuicunque
762 4033 870 4073 causae
895 4010 968 4095 par]
1002 4013 1053 4074 Sic
1074 4035 1091 4074 e
1114 4011 1185 4074 Cocl-

127 4091 230 4164 Fara,
248 4114 374 4170 'quoeum
395 4096 539 4156 consentit
554 4096 685 4159 Par.nisi
705 4097 785 4176 quod
805 4117 896 4155 causa
911 4094 1045 4168 exbibet,
1068 4118 1093 4158 c.
1108 4095 1186 4176 laips.

129 4186 302 4257 receperunt
322 4175 396 4239 eut.
415 4197 510 4258 seqq,
539 4179 619 4261 quod
640 4178 869 4263 Orelliopiuaiicc
888 4177 1064 4260 exquisitius
1078 4176 1188 4239 dictum
