<?xml version="1.0" encoding="UTF-8"?>
<!DOCTYPE html PUBLIC "-//W3C//DTD XHTML 1.0 Transitional//EN"
    "http://www.w3.org/TR/xhtml1/DTD/xhtml1-transitional.dtd">
<html xmlns="http://www.w3.org/1999/xhtml" xml:lang="en" lang="en">
 <head>
  <title>
</title>
<meta http-equiv="Content-Type" content="text/html;charset=utf-8" />
  <meta name='ocr-system' content='tesseract 3.04.00' />
  <meta name='ocr-capabilities' content='ocr_page ocr_carea ocr_par ocr_line ocrx_word'/>
</head>
<body>
  <div class='ocr_page' id='page_1' title='image "./dialogusdeorato00tacigoog_0174.png"; bbox 0 0 2634 4656; ppageno 0'>
   <div class='ocr_carea' id='block_1_1' title="bbox 511 242 1247 349">
    <p class='ocr_par' dir='ltr' id='par_1_1' title="bbox 511 242 1247 349">
     <span class='ocr_line' id='line_1_1' title="bbox 511 242 1247 349; baseline 0.001 -29"><span class='ocrx_word' id='word_1_1' title='bbox 511 259 588 340; x_wconf 74' lang='lat' dir='ltr'>cap.</span> <span class='ocrx_word' id='word_1_2' title='bbox 613 260 704 320; x_wconf 76' lang='lat' dir='ltr'>xix.</span> <span class='ocrx_word' id='word_1_3' title='bbox 802 288 808 297; x_wconf 36' lang='grc'><em>’</em></span> <span class='ocrx_word' id='word_1_4' title='bbox 1080 262 1140 322; x_wconf 87' lang='lat'>121</span> <span class='ocrx_word' id='word_1_5' title='bbox 1213 242 1215 251; x_wconf 86' lang='lat'>&#39;</span> <span class='ocrx_word' id='word_1_6' title='bbox 1245 340 1247 349; x_wconf 15' lang='lat' dir='ltr'>p</span> 
     </span>
    </p>
   </div>
   <div class='ocr_carea' id='block_1_2' title="bbox 51 407 1140 514">
    <p class='ocr_par' dir='ltr' id='par_1_2' title="bbox 51 407 1140 514">
     <span class='ocr_line' id='line_1_2' title="bbox 51 407 1140 514; baseline 0.009 -35"><span class='ocrx_word' id='word_1_7' title='bbox 51 407 263 482; x_wconf 54' lang='lat' dir='ltr'>ssexisse‘ab</span> <span class='ocrx_word' id='word_1_8' title='bbox 289 411 344 483; x_wconf 88' lang='lat' dir='ltr'>illa</span> <span class='ocrx_word' id='word_1_9' title='bbox 379 428 486 484; x_wconf 87' lang='lat' dir='ltr'>vetere</span> <span class='ocrx_word' id='word_1_10' title='bbox 512 428 611 510; x_wconf 87' lang='lat' dir='ltr'>atque</span> <span class='ocrx_word' id='word_1_11' title='bbox 646 411 771 514; x_wconf 81' lang='lat' dir='ltr'>directa</span> <span class='ocrx_word' id='word_1_12' title='bbox 798 412 933 485; x_wconf 87' lang='lat' dir='ltr'>dicendi</span> <span class='ocrx_word' id='word_1_13' title='bbox 967 415 1038 504; x_wconf 85' lang='lat' dir='ltr'>via,</span> <span class='ocrx_word' id='word_1_14' title='bbox 1072 444 1140 489; x_wconf 89' lang='lat' dir='ltr'>non</span> 
     </span>
    </p>
   </div>
   <div class='ocr_carea' id='block_1_3' title="bbox 10 539 1216 3062">
    <p class='ocr_par' dir='ltr' id='par_1_3' title="bbox 44 539 1216 1274">
     <span class='ocr_line' id='line_1_3' title="bbox 54 539 1139 628; baseline 0.007 -30"><span class='ocrx_word' id='word_1_15' title='bbox 54 539 161 600; x_wconf 78' lang='lat' dir='ltr'>fnisse.</span> <span class='ocrx_word' id='word_1_16' title='bbox 192 544 239 601; x_wconf 88' lang='lat' dir='ltr'>vd.</span> <span class='ocrx_word' id='word_1_17' title='bbox 261 543 429 604; x_wconf 85' lang='lat' dir='ltr'>Weichert</span> <span class='ocrx_word' id='word_1_18' title='bbox 463 544 498 602; x_wconf 90' lang='lat' dir='ltr'>de</span> <span class='ocrx_word' id='word_1_19' title='bbox 518 545 550 601; x_wconf 92' lang='lat' dir='ltr'>L.</span> <span class='ocrx_word' id='word_1_20' title='bbox 572 545 641 600; x_wconf 81' lang='lat' dir='ltr'>Ver.</span> <span class='ocrx_word' id='word_1_21' title='bbox 664 555 717 602; x_wconf 83' lang='lat' dir='ltr'>ete.</span> <span class='ocrx_word' id='word_1_22' title='bbox 746 566 773 622; x_wconf 89' lang='lat' dir='ltr'>p.</span> <span class='ocrx_word' id='word_1_23' title='bbox 798 549 863 602; x_wconf 87' lang='lat'>190.</span> <span class='ocrx_word' id='word_1_24' title='bbox 913 546 974 605; x_wconf 86' lang='lat' dir='ltr'>Sub</span> <span class='ocrx_word' id='word_1_25' title='bbox 1001 552 1139 628; x_wconf 85' lang='lat' dir='ltr'>Augusto</span> 
     </span>
     <span class='ocr_line' id='line_1_4' title="bbox 54 622 1139 708; baseline 0.007 -28"><span class='ocrx_word' id='word_1_26' title='bbox 54 644 164 703; x_wconf 83' lang='lat' dir='ltr'>magna</span> <span class='ocrx_word' id='word_1_27' title='bbox 182 624 365 703; x_wconf 76' lang='lat' dir='ltr'>eloquentiae</span> <span class='ocrx_word' id='word_1_28' title='bbox 386 624 468 683; x_wconf 90' lang='lat' dir='ltr'>laude</span> <span class='ocrx_word' id='word_1_29' title='bbox 489 622 602 696; x_wconf 82' lang='lat' dir='ltr'>floruit,</span> <span class='ocrx_word' id='word_1_30' title='bbox 625 626 676 682; x_wconf 90' lang='lat' dir='ltr'>sed</span> <span class='ocrx_word' id='word_1_31' title='bbox 696 624 752 681; x_wconf 83' lang='lat' dir='ltr'>fuit</span> <span class='ocrx_word' id='word_1_32' title='bbox 773 627 907 685; x_wconf 88' lang='lat' dir='ltr'>sordidae</span> <span class='ocrx_word' id='word_1_33' title='bbox 924 628 1057 708; x_wconf 75' lang='lat' dir='ltr'>originis,</span> <span class='ocrx_word' id='word_1_34' title='bbox 1078 651 1139 688; x_wconf 90' lang='lat' dir='ltr'>ma-</span> 
     </span>
     <span class='ocr_line' id='line_1_5' title="bbox 55 703 1216 791; baseline 0.006 -30"><span class='ocrx_word' id='word_1_35' title='bbox 55 703 161 762; x_wconf 84' lang='lat' dir='ltr'>leficae</span> <span class='ocrx_word' id='word_1_36' title='bbox 181 705 275 780; x_wconf 74' lang='lat' dir='ltr'>vitae,</span> <span class='ocrx_word' id='word_1_37' title='bbox 298 707 401 765; x_wconf 90' lang='lat' dir='ltr'>orandi</span> <span class='ocrx_word' id='word_1_38' title='bbox 422 705 533 764; x_wconf 89' lang='lat' dir='ltr'>validus</span> <span class='ocrx_word' id='word_1_39' title='bbox 556 726 608 783; x_wconf 91' lang='lat' dir='ltr'>per</span> <span class='ocrx_word' id='word_1_40' title='bbox 630 706 797 764; x_wconf 88' lang='lat' dir='ltr'>immodicas</span> <span class='ocrx_word' id='word_1_41' title='bbox 820 707 992 767; x_wconf 86' lang='lat' dir='ltr'>inimicitias.</span> <span class='ocrx_word' id='word_1_42' title='bbox 1034 711 1140 791; x_wconf 81' lang='lat' dir='ltr'>Augu-</span> <span class='ocrx_word' id='word_1_43' title='bbox 1211 706 1216 713; x_wconf 47' lang='lat'><strong>¹</strong></span> 
     </span>
     <span class='ocr_line' id='line_1_6' title="bbox 56 787 1141 871; baseline 0.005 -27"><span class='ocrx_word' id='word_1_44' title='bbox 56 797 124 844; x_wconf 89' lang='lat' dir='ltr'>stus</span> <span class='ocrx_word' id='word_1_45' title='bbox 154 787 293 846; x_wconf 85' lang='lat' dir='ltr'>adversus</span> <span class='ocrx_word' id='word_1_46' title='bbox 323 809 388 846; x_wconf 89' lang='lat' dir='ltr'>enm</span> <span class='ocrx_word' id='word_1_47' title='bbox 417 799 450 844; x_wconf 92' lang='lat' dir='ltr'>ut</span> <span class='ocrx_word' id='word_1_48' title='bbox 478 787 624 845; x_wconf 91' lang='lat' dir='ltr'>hominem</span> <span class='ocrx_word' id='word_1_49' title='bbox 654 789 779 845; x_wconf 84' lang='lat' dir='ltr'><strong>dicacem</strong></span> <span class='ocrx_word' id='word_1_50' title='bbox 809 801 838 846; x_wconf 86' lang='lat' dir='ltr'>et</span> <span class='ocrx_word' id='word_1_51' title='bbox 865 790 1058 867; x_wconf 80' lang='lat' dir='ltr'>petulantem,</span> <span class='ocrx_word' id='word_1_52' title='bbox 1091 791 1141 871; x_wconf 92' lang='lat' dir='ltr'>qui</span> 
     </span>
     <span class='ocr_line' id='line_1_7' title="bbox 57 864 1139 949; baseline 0.006 -24"><span class='ocrx_word' id='word_1_53' title='bbox 57 864 178 946; x_wconf 88' lang='lat' dir='ltr'>scriptis</span> <span class='ocrx_word' id='word_1_54' title='bbox 203 869 373 948; x_wconf 84' lang='lat' dir='ltr'>procacibus</span> <span class='ocrx_word' id='word_1_55' title='bbox 394 864 473 925; x_wconf 85' lang='lat' dir='ltr'>viros</span> <span class='ocrx_word' id='word_1_56' title='bbox 498 867 546 947; x_wconf 90' lang='lat' dir='ltr'>(ut</span> <span class='ocrx_word' id='word_1_57' title='bbox 569 867 778 944; x_wconf 75' lang='lat' dir='ltr'>Maecenatem)</span> <span class='ocrx_word' id='word_1_58' title='bbox 808 869 986 949; x_wconf 77' lang='lat' dir='ltr'><strong>feminasque</strong></span> <span class='ocrx_word' id='word_1_59' title='bbox 1010 871 1139 931; x_wconf 78' lang='lat' dir='ltr'>illustres</span> 
     </span>
     <span class='ocr_line' id='line_1_8' title="bbox 57 947 1141 1032; baseline 0.006 -26"><span class='ocrx_word' id='word_1_60' title='bbox 57 947 253 1022; x_wconf 80' lang='lat' dir='ltr'>diffamasset,</span> <span class='ocrx_word' id='word_1_61' title='bbox 285 950 482 1031; x_wconf 70' lang='lat' dir='ltr'><strong>cognitionem</strong></span> <span class='ocrx_word' id='word_1_62' title='bbox 506 951 541 1007; x_wconf 90' lang='lat' dir='ltr'>de</span> <span class='ocrx_word' id='word_1_63' title='bbox 562 949 678 1007; x_wconf 80' lang='lat' dir='ltr'>laaraosis</span> <span class='ocrx_word' id='word_1_64' title='bbox 705 949 809 1008; x_wconf 77' lang='lat' dir='ltr'>libellis</span> <span class='ocrx_word' id='word_1_65' title='bbox 834 951 929 1029; x_wconf 89' lang='lat' dir='ltr'>specie</span> <span class='ocrx_word' id='word_1_66' title='bbox 957 952 1028 1032; x_wconf 78' lang='lat' dir='ltr'>legis</span> <span class='ocrx_word' id='word_1_67' title='bbox 1053 953 1141 1014; x_wconf 87' lang='lat' dir='ltr'>maie-</span> 
     </span>
     <span class='ocr_line' id='line_1_9' title="bbox 57 1029 1141 1115; baseline 0.005 -27"><span class='ocrx_word' id='word_1_68' title='bbox 57 1029 144 1088; x_wconf 81' lang='lat' dir='ltr'>statis</span> <span class='ocrx_word' id='word_1_69' title='bbox 165 1032 319 1089; x_wconf 89' lang='lat' dir='ltr'>constituit</span> <span class='ocrx_word' id='word_1_70' title='bbox 343 1053 467 1108; x_wconf 89' lang='lat' dir='ltr'>eumque</span> <span class='ocrx_word' id='word_1_71' title='bbox 495 1030 603 1088; x_wconf 87' lang='lat' dir='ltr'>iudicio</span> <span class='ocrx_word' id='word_1_72' title='bbox 630 1030 719 1088; x_wconf 85' lang='lat' dir='ltr'>iurati</span> <span class='ocrx_word' id='word_1_73' title='bbox 748 1043 865 1089; x_wconf 87' lang='lat' dir='ltr'>senatus</span> <span class='ocrx_word' id='word_1_74' title='bbox 888 1031 1004 1092; x_wconf 81' lang='lat' dir='ltr'>Cretam</span> <span class='ocrx_word' id='word_1_75' title='bbox 1031 1035 1141 1115; x_wconf 67' lang='lat' dir='ltr'>relega-</span> 
     </span>
     <span class='ocr_line' id='line_1_10' title="bbox 44 1110 1140 1194; baseline 0.005 -25"><span class='ocrx_word' id='word_1_76' title='bbox 44 1110 108 1169; x_wconf 64' lang='lat' dir='ltr'>uit.</span> <span class='ocrx_word' id='word_1_77' title='bbox 160 1112 221 1170; x_wconf 93' lang='lat' dir='ltr'>Ubi</span> <span class='ocrx_word' id='word_1_78' title='bbox 248 1111 337 1191; x_wconf 87' lang='lat' dir='ltr'>quuui</span> <span class='ocrx_word' id='word_1_79' title='bbox 367 1113 466 1171; x_wconf 90' lang='lat' dir='ltr'>eadem</span> <span class='ocrx_word' id='word_1_80' title='bbox 493 1112 637 1170; x_wconf 86' lang='lat' dir='ltr'>actitamlo</span> <span class='ocrx_word' id='word_1_81' title='bbox 666 1113 792 1170; x_wconf 87' lang='lat' dir='ltr'>recentia</span> <span class='ocrx_word' id='word_1_82' title='bbox 825 1126 981 1194; x_wconf 81' lang='lat' dir='ltr'>veteraque</span> <span class='ocrx_word' id='word_1_83' title='bbox 1005 1116 1070 1173; x_wconf 88' lang='lat' dir='ltr'>odia</span> <span class='ocrx_word' id='word_1_84' title='bbox 1089 1118 1140 1174; x_wconf 92' lang='lat' dir='ltr'>ad-</span> 
     </span>
     <span class='ocr_line' id='line_1_11' title="bbox 56 1191 1139 1274; baseline 0.005 -24"><span class='ocrx_word' id='word_1_85' title='bbox 56 1191 217 1266; x_wconf 79' lang='lat' dir='ltr'>vertisset,</span> <span class='ocrx_word' id='word_1_86' title='bbox 249 1194 333 1252; x_wconf 90' lang='lat' dir='ltr'>bonis</span> <span class='ocrx_word' id='word_1_87' title='bbox 356 1206 460 1253; x_wconf 90' lang='lat' dir='ltr'>exutus</span> <span class='ocrx_word' id='word_1_88' title='bbox 482 1192 697 1271; x_wconf 88' lang='lat' dir='ltr'>interdietoque</span> <span class='ocrx_word' id='word_1_89' title='bbox 717 1193 777 1274; x_wconf 74' lang='lat' dir='ltr'>igni</span> <span class='ocrx_word' id='word_1_90' title='bbox 798 1206 884 1272; x_wconf 82' lang='lat' dir='ltr'>atque</span> <span class='ocrx_word' id='word_1_91' title='bbox 905 1217 977 1274; x_wconf 86' lang='lat' dir='ltr'>aqua</span> <span class='ocrx_word' id='word_1_92' title='bbox 1005 1196 1036 1254; x_wconf 89' lang='lat' dir='ltr'>in</span> <span class='ocrx_word' id='word_1_93' title='bbox 1056 1196 1139 1256; x_wconf 88' lang='lat' dir='ltr'>insu-</span> 
     </span>
    </p>

    <p class='ocr_par' dir='ltr' id='par_1_4' title="bbox 10 1270 1215 3062">
     <span class='ocr_line' id='line_1_12' title="bbox 56 1270 1142 1359; baseline 0.006 -29"><span class='ocrx_word' id='word_1_94' title='bbox 56 1270 114 1330; x_wconf 89' lang='lat' dir='ltr'>lam</span> <span class='ocrx_word' id='word_1_95' title='bbox 146 1274 304 1359; x_wconf 78' lang='lat' dir='ltr'>Seriphum</span> <span class='ocrx_word' id='word_1_96' title='bbox 330 1286 444 1333; x_wconf 81' lang='lat' dir='ltr'>antotus</span> <span class='ocrx_word' id='word_1_97' title='bbox 474 1286 536 1346; x_wconf 77' lang='lat' dir='ltr'>est,</span> <span class='ocrx_word' id='word_1_98' title='bbox 574 1275 603 1332; x_wconf 93' lang='lat' dir='ltr'>in</span> <span class='ocrx_word' id='word_1_99' title='bbox 634 1296 689 1352; x_wconf 89' lang='lat' dir='ltr'>qua</span> <span class='ocrx_word' id='word_1_100' title='bbox 718 1275 880 1333; x_wconf 85' lang='lat' dir='ltr'>miserrima</span> <span class='ocrx_word' id='word_1_101' title='bbox 908 1277 965 1334; x_wconf 91' lang='lat' dir='ltr'>vita</span> <span class='ocrx_word' id='word_1_102' title='bbox 998 1289 1142 1337; x_wconf 87' lang='lat' dir='ltr'>transacta</span> 
     </span>
     <span class='ocr_line' id='line_1_13' title="bbox 10 1349 1215 1440; baseline 0.004 -28"><span class='ocrx_word' id='word_1_103' title='bbox 10 1349 14 1356; x_wconf 70' lang='grc'><strong>’</strong></span> <span class='ocrx_word' id='word_1_104' title='bbox 56 1366 289 1428; x_wconf 81' lang='lat' dir='ltr'>mortuus-est,</span> <span class='ocrx_word' id='word_1_105' title='bbox 328 1377 386 1435; x_wconf 93' lang='lat' dir='ltr'>quo</span> <span class='ocrx_word' id='word_1_106' title='bbox 414 1377 490 1414; x_wconf 90' lang='lat' dir='ltr'>anno</span> <span class='ocrx_word' id='word_1_107' title='bbox 519 1356 678 1423; x_wconf 85' lang='lat' dir='ltr'>incertum;</span> <span class='ocrx_word' id='word_1_108' title='bbox 712 1357 872 1414; x_wconf 89' lang='lat' dir='ltr'>secundum</span> <span class='ocrx_word' id='word_1_109' title='bbox 903 1359 1077 1440; x_wconf 78' lang='lat' dir='ltr'>llieronym.</span> <span class='ocrx_word' id='word_1_110' title='bbox 1106 1359 1137 1417; x_wconf 89' lang='lat' dir='ltr'>in</span> <span class='ocrx_word' id='word_1_111' title='bbox 1213 1384 1215 1389; x_wconf 39' lang='lat'>⁸</span> 
     </span>
     <span class='ocr_line' id='line_1_14' title="bbox 56 1435 1139 1518; baseline 0.004 -24"><span class='ocrx_word' id='word_1_112' title='bbox 56 1435 167 1494; x_wconf 88' lang='lat' dir='ltr'>Euseb.</span> <span class='ocrx_word' id='word_1_113' title='bbox 198 1435 308 1496; x_wconf 82' lang='lat' dir='ltr'>Chaon.</span> <span class='ocrx_word' id='word_1_114' title='bbox 331 1460 354 1495; x_wconf 88' lang='lat' dir='ltr'>a.</span> <span class='ocrx_word' id='word_1_115' title='bbox 376 1441 423 1496; x_wconf 79' lang='lat'>34.</span> <span class='ocrx_word' id='word_1_116' title='bbox 452 1461 478 1516; x_wconf 89' lang='lat' dir='ltr'>p.</span> <span class='ocrx_word' id='word_1_117' title='bbox 502 1436 555 1495; x_wconf 89' lang='lat' dir='ltr'>Ch.</span> <span class='ocrx_word' id='word_1_118' title='bbox 585 1436 669 1518; x_wconf 72' lang='lat'>(787.</span> <span class='ocrx_word' id='word_1_119' title='bbox 690 1439 727 1494; x_wconf 92' lang='lat' dir='ltr'>U.</span> <span class='ocrx_word' id='word_1_120' title='bbox 752 1435 810 1516; x_wconf 77' lang='lat' dir='ltr'>G).</span> <span class='ocrx_word' id='word_1_121' title='bbox 850 1436 894 1497; x_wconf 84' lang='lat' dir='ltr'>Cf.</span> <span class='ocrx_word' id='word_1_122' title='bbox 927 1439 994 1496; x_wconf 86' lang='lat' dir='ltr'>Tac.</span> <span class='ocrx_word' id='word_1_123' title='bbox 1017 1440 1094 1497; x_wconf 82' lang='lat' dir='ltr'>Anu.</span> <span class='ocrx_word' id='word_1_124' title='bbox 1117 1442 1139 1514; x_wconf 83' lang='lat' dir='ltr'>l,</span> 
     </span>
     <span class='ocr_line' id='line_1_15' title="bbox 57 1517 1142 1598; baseline 0.002 -23"><span class='ocrx_word' id='word_1_125' title='bbox 57 1522 107 1575; x_wconf 85' lang='lat'>72.</span> <span class='ocrx_word' id='word_1_126' title='bbox 132 1520 183 1591; x_wconf 84' lang='lat' dir='ltr'>lV‚</span> <span class='ocrx_word' id='word_1_127' title='bbox 205 1525 255 1578; x_wconf 82' lang='lat'>21.</span> <span class='ocrx_word' id='word_1_128' title='bbox 294 1520 389 1593; x_wconf 84' lang='lat' dir='ltr'>Quam</span> <span class='ocrx_word' id='word_1_129' title='bbox 418 1517 581 1597; x_wconf 84' lang='lat' dir='ltr'>praeclarus</span> <span class='ocrx_word' id='word_1_130' title='bbox 612 1530 713 1575; x_wconf 87' lang='lat' dir='ltr'>orator</span> <span class='ocrx_word' id='word_1_131' title='bbox 740 1517 846 1592; x_wconf 77' lang='lat' dir='ltr'>luerit,</span> <span class='ocrx_word' id='word_1_132' title='bbox 883 1519 932 1598; x_wconf 90' lang='lat' dir='ltr'>qui</span> <span class='ocrx_word' id='word_1_133' title='bbox 963 1520 1063 1579; x_wconf 87' lang='lat' dir='ltr'>relicta</span> <span class='ocrx_word' id='word_1_134' title='bbox 1093 1520 1142 1578; x_wconf 89' lang='lat' dir='ltr'>illa</span> 
     </span>
     <span class='ocr_line' id='line_1_16' title="bbox 55 1599 1189 1681; baseline 0.003 -24"><span class='ocrx_word' id='word_1_135' title='bbox 55 1609 160 1657; x_wconf 87' lang='lat' dir='ltr'>vetere</span> <span class='ocrx_word' id='word_1_136' title='bbox 186 1611 273 1679; x_wconf 87' lang='lat' dir='ltr'>atque</span> <span class='ocrx_word' id='word_1_137' title='bbox 301 1600 408 1658; x_wconf 89' lang='lat' dir='ltr'>directa</span> <span class='ocrx_word' id='word_1_138' title='bbox 438 1599 551 1657; x_wconf 86' lang='lat' dir='ltr'>dicendi</span> <span class='ocrx_word' id='word_1_139' title='bbox 575 1599 620 1656; x_wconf 90' lang='lat' dir='ltr'>via</span> <span class='ocrx_word' id='word_1_140' title='bbox 647 1620 751 1656; x_wconf 89' lang='lat' dir='ltr'>novarn</span> <span class='ocrx_word' id='word_1_141' title='bbox 782 1600 933 1680; x_wconf 76' lang='lat' dir='ltr'>ingressus</span> <span class='ocrx_word' id='word_1_142' title='bbox 964 1613 1026 1674; x_wconf 85' lang='lat' dir='ltr'>est,</span> <span class='ocrx_word' id='word_1_143' title='bbox 1056 1623 1141 1681; x_wconf 87' lang='lat' dir='ltr'>qnam</span> <span class='ocrx_word' id='word_1_144' title='bbox 1185 1610 1189 1631; x_wconf 67' lang='lat'><em>¹</em></span> 
     </span>
     <span class='ocr_line' id='line_1_17' title="bbox 33 1680 1141 1760; baseline 0 -19"><span class='ocrx_word' id='word_1_145' title='bbox 33 1690 169 1741; x_wconf 79' lang='lat' dir='ltr'>‚mutata</span> <span class='ocrx_word' id='word_1_146' title='bbox 191 1692 356 1760; x_wconf 89' lang='lat' dir='ltr'>temporum</span> <span class='ocrx_word' id='word_1_147' title='bbox 387 1681 517 1739; x_wconf 86' lang='lat' dir='ltr'>conditio</span> <span class='ocrx_word' id='word_1_148' title='bbox 547 1691 576 1739; x_wconf 90' lang='lat' dir='ltr'>et</span> <span class='ocrx_word' id='word_1_149' title='bbox 606 1680 707 1737; x_wconf 90' lang='lat' dir='ltr'>mutati</span> <span class='ocrx_word' id='word_1_150' title='bbox 736 1680 888 1738; x_wconf 76' lang='lat' dir='ltr'>hortunam</span> <span class='ocrx_word' id='word_1_151' title='bbox 911 1702 1008 1740; x_wconf 88' lang='lat' dir='ltr'>mores</span> <span class='ocrx_word' id='word_1_152' title='bbox 1036 1693 1066 1740; x_wconf 90' lang='lat' dir='ltr'>et</span> <span class='ocrx_word' id='word_1_153' title='bbox 1094 1682 1141 1741; x_wconf 92' lang='lat' dir='ltr'>iu-</span> 
     </span>
     <span class='ocr_line' id='line_1_18' title="bbox 57 1759 1140 1841; baseline 0.002 -21"><span class='ocrx_word' id='word_1_154' title='bbox 57 1759 133 1820; x_wconf 85' lang='lat' dir='ltr'>dicia</span> <span class='ocrx_word' id='word_1_155' title='bbox 148 1763 342 1841; x_wconf 68' lang='lat' dir='ltr'>postularent,</span> <span class='ocrx_word' id='word_1_156' title='bbox 364 1774 479 1841; x_wconf 88' lang='lat' dir='ltr'>praeter</span> <span class='ocrx_word' id='word_1_157' title='bbox 499 1760 770 1819; x_wconf 79' lang='lat' dir='ltr'>&#39;sacitum&#39;relatum</span> <span class='ocrx_word' id='word_1_158' title='bbox 794 1761 915 1839; x_wconf 74' lang='lat' dir='ltr'>legimus</span> <span class='ocrx_word' id='word_1_159' title='bbox 938 1763 1140 1841; x_wconf 85' lang='lat' dir='ltr'>apudQuint.</span> 
     </span>
     <span class='ocr_line' id='line_1_19' title="bbox 57 1842 1146 1922; baseline 0 -21"><span class='ocrx_word' id='word_1_160' title='bbox 57 1854 88 1901; x_wconf 88' lang='lat' dir='ltr'>et</span> <span class='ocrx_word' id='word_1_161' title='bbox 111 1844 216 1902; x_wconf 84' lang='lat' dir='ltr'>Senec.</span> <span class='ocrx_word' id='word_1_162' title='bbox 244 1842 387 1902; x_wconf 91' lang='lat' dir='ltr'>Controv.</span> <span class='ocrx_word' id='word_1_163' title='bbox 409 1842 513 1917; x_wconf 86' lang='lat' dir='ltr'>Quint.</span> <span class='ocrx_word' id='word_1_164' title='bbox 544 1845 580 1914; x_wconf 83' lang='lat' dir='ltr'>X,</span> <span class='ocrx_word' id='word_1_165' title='bbox 612 1847 637 1913; x_wconf 75' lang='grc'>1,</span> <span class='ocrx_word' id='word_1_166' title='bbox 663 1846 728 1899; x_wconf 89' lang='grc'>116.</span> <span class='ocrx_word' id='word_1_167' title='bbox 777 1844 876 1899; x_wconf 84' lang='lat' dir='ltr'>Multa</span> <span class='ocrx_word' id='word_1_168' title='bbox 896 1847 923 1900; x_wconf 89' lang='lat' dir='ltr'>si</span> <span class='ocrx_word' id='word_1_169' title='bbox 946 1863 1011 1901; x_wconf 89' lang='lat' dir='ltr'>eum</span> <span class='ocrx_word' id='word_1_170' title='bbox 1033 1845 1146 1922; x_wconf 76' lang='lat' dir='ltr'>iudicio</span> 
     </span>
     <span class='ocr_line' id='line_1_20' title="bbox 56 1922 1144 2005; baseline -0.003 -19"><span class='ocrx_word' id='word_1_171' title='bbox 56 1924 195 1998; x_wconf 76' lang='lat' dir='ltr'>legatur,</span> <span class='ocrx_word' id='word_1_172' title='bbox 232 1924 314 1982; x_wconf 80' lang='lat' dir='ltr'>dabit</span> <span class='ocrx_word' id='word_1_173' title='bbox 351 1929 514 1984; x_wconf 82' lang='lat' dir='ltr'>inritatione</span> <span class='ocrx_word' id='word_1_174' title='bbox 549 1923 638 1996; x_wconf 71' lang='lat' dir='ltr'>(ligna</span> <span class='ocrx_word' id='word_1_175' title='bbox 676 1922 796 1980; x_wconf 83' lang='lat' dir='ltr'>Cassius</span> <span class='ocrx_word' id='word_1_176' title='bbox 832 1925 973 1998; x_wconf 78' lang='lat' dir='ltr'>Seuerus,</span> <span class='ocrx_word' id='word_1_177' title='bbox 1012 1929 1079 2005; x_wconf 79' lang='lat' dir='ltr'>qui,</span> <span class='ocrx_word' id='word_1_178' title='bbox 1116 1929 1144 1983; x_wconf 87' lang='lat' dir='ltr'>si</span> 
     </span>
     <span class='ocr_line' id='line_1_21' title="bbox 57 2006 1139 2079; baseline 0.002 -17"><span class='ocrx_word' id='word_1_179' title='bbox 57 2010 166 2063; x_wconf 84' lang='lat' dir='ltr'>ceteris</span> <span class='ocrx_word' id='word_1_180' title='bbox 194 2007 346 2064; x_wconf 77' lang='lat' dir='ltr'>uirtutibus</span> <span class='ocrx_word' id='word_1_181' title='bbox 380 2006 505 2063; x_wconf 83' lang='lat' dir='ltr'>colorem</span> <span class='ocrx_word' id='word_1_182' title='bbox 535 2014 563 2061; x_wconf 80' lang='lat' dir='ltr'>et</span> <span class='ocrx_word' id='word_1_183' title='bbox 594 2007 772 2078; x_wconf 70' lang='lat' dir='ltr'>grauitatem</span> <span class='ocrx_word' id='word_1_184' title='bbox 802 2009 944 2062; x_wconf 87' lang='lat' dir='ltr'>orationis</span> <span class='ocrx_word' id='word_1_185' title='bbox 973 2006 1139 2079; x_wconf 80' lang='lat' dir='ltr'>adiecisset,</span> 
     </span>
     <span class='ocr_line' id='line_1_22' title="bbox 52 2074 1139 2166; baseline 0.001 -22"><span class='ocrx_word' id='word_1_186' title='bbox 52 2087 208 2166; x_wconf 85' lang='lat' dir='ltr'>ponendus</span> <span class='ocrx_word' id='word_1_187' title='bbox 228 2092 305 2145; x_wconf 86' lang='lat' dir='ltr'>inter</span> <span class='ocrx_word' id='word_1_188' title='bbox 321 2091 496 2166; x_wconf 74' lang='lat' dir='ltr'>praecipuos</span> <span class='ocrx_word' id='word_1_189' title='bbox 508 2084 599 2161; x_wconf 69' lang='lat' dir='ltr'>forat.</span> <span class='ocrx_word' id='word_1_190' title='bbox 638 2074 718 2144; x_wconf 80' lang='lat' dir='ltr'>Nam</span> <span class='ocrx_word' id='word_1_191' title='bbox 739 2096 768 2143; x_wconf 90' lang='lat' dir='ltr'>et</span> <span class='ocrx_word' id='word_1_192' title='bbox 794 2089 903 2159; x_wconf 75' lang='lat' dir='ltr'>ingenii</span> <span class='ocrx_word' id='word_1_193' title='bbox 914 2088 1071 2165; x_wconf 68' lang='lat' dir='ltr'>piissimum</span> <span class='ocrx_word' id='word_1_194' title='bbox 1095 2098 1139 2146; x_wconf 87' lang='lat' dir='ltr'>est</span> 
     </span>
     <span class='ocr_line' id='line_1_23' title="bbox 56 2167 1142 2248; baseline 0.002 -23"><span class='ocrx_word' id='word_1_195' title='bbox 56 2171 88 2225; x_wconf 88' lang='lat' dir='ltr'>in</span> <span class='ocrx_word' id='word_1_196' title='bbox 119 2189 152 2234; x_wconf 84' lang='lat' dir='ltr'>eo</span> <span class='ocrx_word' id='word_1_197' title='bbox 183 2178 211 2225; x_wconf 88' lang='lat' dir='ltr'>et</span> <span class='ocrx_word' id='word_1_198' title='bbox 238 2170 387 2226; x_wconf 80' lang='lat' dir='ltr'>acerbitas</span> <span class='ocrx_word' id='word_1_199' title='bbox 415 2171 492 2224; x_wconf 88' lang='lat' dir='ltr'>mira</span> <span class='ocrx_word' id='word_1_200' title='bbox 522 2177 550 2224; x_wconf 91' lang='lat' dir='ltr'>et</span> <span class='ocrx_word' id='word_1_201' title='bbox 571 2167 725 2224; x_wconf 81' lang='lat' dir='ltr'>urbanitas</span> <span class='ocrx_word' id='word_1_202' title='bbox 753 2170 814 2225; x_wconf 86' lang='lat' dir='ltr'>eius</span> <span class='ocrx_word' id='word_1_203' title='bbox 841 2190 974 2241; x_wconf 85' lang='lat' dir='ltr'>summa,</span> <span class='ocrx_word' id='word_1_204' title='bbox 1006 2170 1060 2226; x_wconf 89' lang='lat' dir='ltr'>sed</span> <span class='ocrx_word' id='word_1_205' title='bbox 1075 2171 1142 2248; x_wconf 85' lang='lat' dir='ltr'>plus</span> 
     </span>
     <span class='ocr_line' id='line_1_24' title="bbox 55 2247 1141 2330; baseline 0 -22"><span class='ocrx_word' id='word_1_206' title='bbox 55 2250 213 2308; x_wconf 77' lang='lat' dir='ltr'>stomarlro</span> <span class='ocrx_word' id='word_1_207' title='bbox 234 2271 324 2330; x_wconf 84' lang='lat' dir='ltr'>qaam</span> <span class='ocrx_word' id='word_1_208' title='bbox 347 2251 466 2306; x_wconf 78' lang='lat' dir='ltr'>crtnsilio</span> <span class='ocrx_word' id='word_1_209' title='bbox 491 2248 579 2305; x_wconf 69' lang='lat' dir='ltr'>(ledit.</span> <span class='ocrx_word' id='word_1_210' title='bbox 620 2247 786 2306; x_wconf 88' lang='lat' dir='ltr'>Praetereo</span> <span class='ocrx_word' id='word_1_211' title='bbox 809 2259 840 2305; x_wconf 89' lang='lat' dir='ltr'>ut</span> <span class='ocrx_word' id='word_1_212' title='bbox 862 2253 962 2306; x_wconf 74' lang='lat' dir='ltr'>narrari</span> <span class='ocrx_word' id='word_1_213' title='bbox 979 2252 1075 2324; x_wconf 79' lang='lat' dir='ltr'>sales,</span> <span class='ocrx_word' id='word_1_214' title='bbox 1097 2255 1141 2308; x_wconf 88' lang='lat' dir='ltr'>ita</span> 
     </span>
     <span class='ocr_line' id='line_1_25' title="bbox 47 2329 1140 2412; baseline 0 -24"><span class='ocrx_word' id='word_1_215' title='bbox 47 2329 226 2412; x_wconf 77' lang='lat' dir='ltr'>frequenter</span> <span class='ocrx_word' id='word_1_216' title='bbox 241 2333 410 2394; x_wconf 79' lang='lat' dir='ltr'>amaritudo</span> <span class='ocrx_word' id='word_1_217' title='bbox 427 2333 492 2409; x_wconf 77' lang='lat' dir='ltr'>ipsa</span> <span class='ocrx_word' id='word_1_218' title='bbox 509 2329 635 2386; x_wconf 84' lang='lat' dir='ltr'>ridicula</span> <span class='ocrx_word' id='word_1_219' title='bbox 653 2339 704 2386; x_wconf 87' lang='lat' dir='ltr'>est.</span> <span class='ocrx_word' id='word_1_220' title='bbox 731 2330 833 2388; x_wconf 83' lang='lat' dir='ltr'>Senes.</span> <span class='ocrx_word' id='word_1_221' title='bbox 844 2331 980 2409; x_wconf 83' lang='lat' dir='ltr'>Excerpt.</span> <span class='ocrx_word' id='word_1_222' title='bbox 996 2329 1140 2406; x_wconf 83' lang='lat' dir='ltr'>Controv.</span> 
     </span>
     <span class='ocr_line' id='line_1_26' title="bbox 55 2410 1141 2491; baseline 0 -22"><span class='ocrx_word' id='word_1_223' title='bbox 55 2412 105 2469; x_wconf 91' lang='lat' dir='ltr'>lll.</span> <span class='ocrx_word' id='word_1_224' title='bbox 128 2412 219 2491; x_wconf 83' lang='lat' dir='ltr'>praef.</span> <span class='ocrx_word' id='word_1_225' title='bbox 240 2434 268 2491; x_wconf 78' lang='lat' dir='ltr'>p.</span> <span class='ocrx_word' id='word_1_226' title='bbox 291 2417 348 2470; x_wconf 84' lang='lat'>395</span> <span class='ocrx_word' id='word_1_227' title='bbox 368 2433 411 2490; x_wconf 92' lang='lat' dir='ltr'>sq.</span> <span class='ocrx_word' id='word_1_228' title='bbox 434 2411 498 2488; x_wconf 84' lang='lat' dir='ltr'>llip.</span> <span class='ocrx_word' id='word_1_229' title='bbox 542 2410 649 2467; x_wconf 79' lang='lat' dir='ltr'>Oratio</span> <span class='ocrx_word' id='word_1_230' title='bbox 673 2414 735 2466; x_wconf 90' lang='lat' dir='ltr'>eius</span> <span class='ocrx_word' id='word_1_231' title='bbox 756 2416 821 2468; x_wconf 87' lang='lat' dir='ltr'>e&#39;rat</span> <span class='ocrx_word' id='word_1_232' title='bbox 843 2412 955 2480; x_wconf 82' lang='lat' dir='ltr'>nolens,</span> <span class='ocrx_word' id='word_1_233' title='bbox 969 2410 1075 2483; x_wconf 67' lang='lat' dir='ltr'>auita,</span> <span class='ocrx_word' id='word_1_234' title='bbox 1096 2416 1141 2469; x_wconf 81' lang='lat' dir='ltr'>in-&#39;</span> 
     </span>
     <span class='ocr_line' id='line_1_27' title="bbox 54 2490 1140 2574; baseline 0 -25"><span class='ocrx_word' id='word_1_235' title='bbox 54 2494 192 2568; x_wconf 73' lang='lat' dir='ltr'>gentibus</span> <span class='ocrx_word' id='word_1_236' title='bbox 218 2495 306 2574; x_wconf 87' lang='lat' dir='ltr'>plena</span> <span class='ocrx_word' id='word_1_237' title='bbox 332 2496 490 2550; x_wconf 84' lang='lat' dir='ltr'>sententiis.</span> <span class='ocrx_word' id='word_1_238' title='bbox 537 2490 631 2549; x_wconf 82' lang='lat' dir='ltr'>Nemo</span> <span class='ocrx_word' id='word_1_239' title='bbox 660 2494 754 2547; x_wconf 88' lang='lat' dir='ltr'>minus</span> <span class='ocrx_word' id='word_1_240' title='bbox 777 2511 883 2569; x_wconf 79' lang='lat' dir='ltr'>passas</span> <span class='ocrx_word' id='word_1_241' title='bbox 912 2502 955 2549; x_wconf 87' lang='lat' dir='ltr'>est</span> <span class='ocrx_word' id='word_1_242' title='bbox 978 2491 1091 2573; x_wconf 82' lang='lat' dir='ltr'>alr&#39;qnid</span> <span class='ocrx_word' id='word_1_243' title='bbox 1108 2495 1140 2549; x_wconf 88' lang='lat' dir='ltr'>in</span> 
     </span>
     <span class='ocr_line' id='line_1_28' title="bbox 56 2569 1138 2652; baseline -0.003 -19"><span class='ocrx_word' id='word_1_244' title='bbox 56 2578 175 2634; x_wconf 85' lang='lat' dir='ltr'>actione</span> <span class='ocrx_word' id='word_1_245' title='bbox 193 2595 251 2631; x_wconf 86' lang='lat' dir='ltr'>sua</span> <span class='ocrx_word' id='word_1_246' title='bbox 272 2577 359 2632; x_wconf 84' lang='lat' dir='ltr'>otiosi</span> <span class='ocrx_word' id='word_1_247' title='bbox 379 2594 458 2647; x_wconf 81' lang='lat' dir='ltr'>esse,</span> <span class='ocrx_word' id='word_1_248' title='bbox 481 2569 562 2628; x_wconf 75' lang='lat' dir='ltr'>uinta</span> <span class='ocrx_word' id='word_1_249' title='bbox 580 2593 654 2650; x_wconf 86' lang='lat' dir='ltr'>pars</span> <span class='ocrx_word' id='word_1_250' title='bbox 675 2582 758 2644; x_wconf 78' lang='lat' dir='ltr'>erat,</span> <span class='ocrx_word' id='word_1_251' title='bbox 780 2592 854 2652; x_wconf 78' lang='lat' dir='ltr'>quae</span> <span class='ocrx_word' id='word_1_252' title='bbox 876 2593 932 2628; x_wconf 78' lang='lat' dir='ltr'>raon</span> <span class='ocrx_word' id='word_1_253' title='bbox 953 2592 1008 2630; x_wconf 87' lang='lat' dir='ltr'>suo</span> <span class='ocrx_word' id='word_1_254' title='bbox 1032 2577 1138 2630; x_wconf 82' lang='lat' dir='ltr'>uirtute</span> 
     </span>
     <span class='ocr_line' id='line_1_29' title="bbox 48 2652 1141 2734; baseline -0.002 -21"><span class='ocrx_word' id='word_1_255' title='bbox 48 2654 172 2727; x_wconf 81' lang='lat' dir='ltr'>staret,</span> <span class='ocrx_word' id='word_1_256' title='bbox 193 2656 277 2726; x_wconf 78' lang='lat' dir='ltr'>nihil,</span> <span class='ocrx_word' id='word_1_257' title='bbox 299 2659 403 2734; x_wconf 84' lang='lat' dir='ltr'>in&#39;quo</span> <span class='ocrx_word' id='word_1_258' title='bbox 425 2652 545 2710; x_wconf 89' lang='lat' dir='ltr'>auditor</span> <span class='ocrx_word' id='word_1_259' title='bbox 563 2657 625 2709; x_wconf 85' lang='lat' dir='ltr'>sine</span> <span class='ocrx_word' id='word_1_260' title='bbox 647 2652 754 2709; x_wconf 87' lang='lat' dir='ltr'>damno</span> <span class='ocrx_word' id='word_1_261' title='bbox 774 2653 859 2709; x_wconf 88' lang='lat' dir='ltr'>aliud</span> <span class='ocrx_word' id='word_1_262' title='bbox 878 2663 987 2726; x_wconf 73' lang='lat' dir='ltr'>ageret.</span> <span class='ocrx_word' id='word_1_263' title='bbox 1033 2654 1141 2711; x_wconf 81' lang='lat' dir='ltr'>Omnia</span> 
     </span>
     <span class='ocr_line' id='line_1_30' title="bbox 56 2735 1143 2818; baseline -0.002 -24"><span class='ocrx_word' id='word_1_264' title='bbox 56 2739 171 2794; x_wconf 86' lang='lat' dir='ltr'>intenta</span> <span class='ocrx_word' id='word_1_265' title='bbox 190 2737 298 2818; x_wconf 84' lang='lat' dir='ltr'>aliquo</span> <span class='ocrx_word' id='word_1_266' title='bbox 323 2739 470 2815; x_wconf 83' lang='lat' dir='ltr'>petentia;</span> <span class='ocrx_word' id='word_1_267' title='bbox 500 2755 583 2791; x_wconf 88' lang='lat' dir='ltr'>nemo</span> <span class='ocrx_word' id='word_1_268' title='bbox 614 2737 710 2806; x_wconf 69' lang='lat' dir='ltr'>magis</span> <span class='ocrx_word' id='word_1_269' title='bbox 736 2737 765 2790; x_wconf 87' lang='lat' dir='ltr'>in</span> <span class='ocrx_word' id='word_1_270' title='bbox 790 2754 845 2791; x_wconf 84' lang='lat' dir='ltr'>sua</span> <span class='ocrx_word' id='word_1_271' title='bbox 863 2744 1011 2812; x_wconf 76' lang='lat' dir='ltr'>potestate</span> <span class='ocrx_word' id='word_1_272' title='bbox 1039 2735 1143 2793; x_wconf 80' lang='lat' dir='ltr'>ltabuit</span> 
     </span>
     <span class='ocr_line' id='line_1_31' title="bbox 56 2815 1158 2896; baseline -0.003 -21"><span class='ocrx_word' id='word_1_273' title='bbox 56 2816 242 2876; x_wconf 82' lang='lat' dir='ltr'>audientium</span> <span class='ocrx_word' id='word_1_274' title='bbox 272 2815 405 2893; x_wconf 77' lang='lat' dir='ltr'>asj&#39;eetus.</span> <span class='ocrx_word' id='word_1_275' title='bbox 427 2852 465 2862; x_wconf 90' lang='lat'><em>-</em></span> <span class='ocrx_word' id='word_1_276' title='bbox 521 2816 625 2873; x_wconf 83' lang='lat' dir='ltr'>Verum</span> <span class='ocrx_word' id='word_1_277' title='bbox 648 2817 811 2896; x_wconf 72' lang='lat' dir='ltr'>eloquentia</span> <span class='ocrx_word' id='word_1_278' title='bbox 842 2820 903 2873; x_wconf 85' lang='lat' dir='ltr'>eius</span> <span class='ocrx_word' id='word_1_279' title='bbox 930 2817 1013 2889; x_wconf 76' lang='lat' dir='ltr'>longe</span> <span class='ocrx_word' id='word_1_280' title='bbox 1044 2821 1158 2874; x_wconf 77' lang='lat' dir='ltr'>maior*</span> 
     </span>
     <span class='ocr_line' id='line_1_32' title="bbox 57 2895 1140 2979; baseline -0.003 -23"><span class='ocrx_word' id='word_1_281' title='bbox 57 2907 126 2956; x_wconf 85' lang='lat' dir='ltr'>erat</span> <span class='ocrx_word' id='word_1_282' title='bbox 155 2918 243 2979; x_wconf 83' lang='lat' dir='ltr'>qnam</span> <span class='ocrx_word' id='word_1_283' title='bbox 272 2898 369 2955; x_wconf 86' lang='lat' dir='ltr'>lectio.</span> <span class='ocrx_word' id='word_1_284' title='bbox 390 2931 428 2941; x_wconf 92' lang='lat'>—-</span> <span class='ocrx_word' id='word_1_285' title='bbox 482 2895 617 2953; x_wconf 88' lang='lat' dir='ltr'>Primum</span> <span class='ocrx_word' id='word_1_286' title='bbox 647 2896 818 2953; x_wconf 82' lang='lat' dir='ltr'>tantundem</span> <span class='ocrx_word' id='word_1_287' title='bbox 849 2906 915 2953; x_wconf 90' lang='lat' dir='ltr'>erat</span> <span class='ocrx_word' id='word_1_288' title='bbox 951 2900 980 2955; x_wconf 85' lang='lat' dir='ltr'>in</span> <span class='ocrx_word' id='word_1_289' title='bbox 1015 2899 1140 2969; x_wconf 84' lang='lat' dir='ltr'>homine,</span> 
     </span>
     <span class='ocr_line' id='line_1_33' title="bbox 55 2977 1142 3062; baseline -0.002 -25"><span class='ocrx_word' id='word_1_290' title='bbox 55 2988 200 3062; x_wconf 82' lang='lat' dir='ltr'>quantum</span> <span class='ocrx_word' id='word_1_291' title='bbox 229 2982 258 3036; x_wconf 90' lang='lat' dir='ltr'>in</span> <span class='ocrx_word' id='word_1_292' title='bbox 287 2979 420 3051; x_wconf 74' lang='lat' dir='ltr'>ingenio:</span> <span class='ocrx_word' id='word_1_293' title='bbox 451 2981 583 3055; x_wconf 81' lang='lat' dir='ltr'>eorporis</span> <span class='ocrx_word' id='word_1_294' title='bbox 611 2977 782 3050; x_wconf 79' lang='lat' dir='ltr'>magnitudo</span> <span class='ocrx_word' id='word_1_295' title='bbox 808 2981 982 3058; x_wconf 74' lang='lat' dir='ltr'>conspicua,</span> <span class='ocrx_word' id='word_1_296' title='bbox 1009 2983 1142 3036; x_wconf 81' lang='lat' dir='ltr'>suauitas</span> 
     </span>
    </p>
   </div>
   <div class='ocr_carea' id='block_1_4' title="bbox 57 3058 1241 3140">
    <p class='ocr_par' dir='ltr' id='par_1_5' title="bbox 57 3058 1241 3140">
     <span class='ocr_line' id='line_1_34' title="bbox 57 3058 1241 3140; baseline -0.002 -22"><span class='ocrx_word' id='word_1_297' title='bbox 57 3060 277 3120; x_wconf 78' lang='lat' dir='ltr'>valentissimae</span> <span class='ocrx_word' id='word_1_298' title='bbox 305 3063 447 3116; x_wconf 80' lang='lat' dir='ltr'>nocis-</span> <span class='ocrx_word' id='word_1_299' title='bbox 501 3058 615 3116; x_wconf 84' lang='lat' dir='ltr'>Deinde</span> <span class='ocrx_word' id='word_1_300' title='bbox 637 3062 718 3140; x_wconf 87' lang='lat' dir='ltr'>ipsa,</span> <span class='ocrx_word' id='word_1_301' title='bbox 750 3078 825 3138; x_wconf 86' lang='lat' dir='ltr'>quae</span> <span class='ocrx_word' id='word_1_302' title='bbox 853 3058 985 3129; x_wconf 78' lang='lat' dir='ltr'>dicebat,</span> <span class='ocrx_word' id='word_1_303' title='bbox 1016 3062 1141 3116; x_wconf 86' lang='lat' dir='ltr'>meliora</span> <span class='ocrx_word' id='word_1_304' title='bbox 1239 3089 1241 3094; x_wconf 31' lang='lat' dir='ltr'>r</span> 
     </span>
    </p>
   </div>
   <div class='ocr_carea' id='block_1_5' title="bbox 10 3138 1223 4252">
    <p class='ocr_par' dir='ltr' id='par_1_6' title="bbox 10 3138 1223 4252">
     <span class='ocr_line' id='line_1_35' title="bbox 19 3138 1140 3222; baseline -0.004 -22"><span class='ocrx_word' id='word_1_305' title='bbox 19 3141 23 3145; x_wconf 74' lang='grc'><strong>’</strong></span> <span class='ocrx_word' id='word_1_306' title='bbox 56 3151 145 3200; x_wconf 89' lang='lat' dir='ltr'>erant</span> <span class='ocrx_word' id='word_1_307' title='bbox 164 3147 252 3222; x_wconf 80' lang='lat' dir='ltr'>quam</span> <span class='ocrx_word' id='word_1_308' title='bbox 267 3138 510 3222; x_wconf 81' lang='lat' dir='ltr'>quaeserihedat.</span> <span class='ocrx_word' id='word_1_309' title='bbox 555 3141 605 3197; x_wconf 82' lang='lat' dir='ltr'>Vir</span> <span class='ocrx_word' id='word_1_310' title='bbox 626 3143 699 3197; x_wconf 86' lang='lat' dir='ltr'>enim</span> <span class='ocrx_word' id='word_1_311' title='bbox 716 3143 887 3217; x_wconf 81' lang='lat' dir='ltr'>praesentis</span> <span class='ocrx_word' id='word_1_312' title='bbox 904 3142 998 3196; x_wconf 88' lang='lat' dir='ltr'>animi</span> <span class='ocrx_word' id='word_1_313' title='bbox 1025 3149 1054 3196; x_wconf 88' lang='lat' dir='ltr'>et</span> <span class='ocrx_word' id='word_1_314' title='bbox 1075 3158 1140 3196; x_wconf 87' lang='lat' dir='ltr'>ma-</span> 
     </span>
     <span class='ocr_line' id='line_1_36' title="bbox 56 3218 1142 3304; baseline -0.005 -23"><span class='ocrx_word' id='word_1_315' title='bbox 56 3225 130 3281; x_wconf 83' lang='lat' dir='ltr'>ioris</span> <span class='ocrx_word' id='word_1_316' title='bbox 158 3226 268 3296; x_wconf 80' lang='lat' dir='ltr'>ingenii</span> <span class='ocrx_word' id='word_1_317' title='bbox 291 3243 378 3304; x_wconf 81' lang='lat' dir='ltr'>quam</span> <span class='ocrx_word' id='word_1_318' title='bbox 406 3220 499 3278; x_wconf 85' lang='lat' dir='ltr'>studii</span> <span class='ocrx_word' id='word_1_319' title='bbox 523 3223 619 3292; x_wconf 74' lang='lat' dir='ltr'>magis</span> <span class='ocrx_word' id='word_1_320' title='bbox 646 3218 784 3298; x_wconf 80' lang='lat' dir='ltr'>placebat</span> <span class='ocrx_word' id='word_1_321' title='bbox 816 3224 845 3276; x_wconf 87' lang='lat' dir='ltr'>in</span> <span class='ocrx_word' id='word_1_322' title='bbox 873 3220 933 3292; x_wconf 86' lang='lat' dir='ltr'>ln&#39;s,</span> <span class='ocrx_word' id='word_1_323' title='bbox 960 3241 1035 3301; x_wconf 80' lang='lat' dir='ltr'>quae</span> <span class='ocrx_word' id='word_1_324' title='bbox 1064 3223 1142 3277; x_wconf 77' lang='lat' dir='ltr'>ittae-</span> 
     </span>
     <span class='ocr_line' id='line_1_37' title="bbox 10 3300 1142 3385; baseline -0.004 -23"><span class='ocrx_word' id='word_1_325' title='bbox 10 3346 13 3355; x_wconf 76' lang='lat'>.</span> <span class='ocrx_word' id='word_1_326' title='bbox 55 3302 159 3362; x_wconf 82' lang='lat' dir='ltr'>niedat</span> <span class='ocrx_word' id='word_1_327' title='bbox 185 3325 272 3385; x_wconf 84' lang='lat' dir='ltr'>quam</span> <span class='ocrx_word' id='word_1_328' title='bbox 297 3323 372 3384; x_wconf 81' lang='lat' dir='ltr'>quae</span> <span class='ocrx_word' id='word_1_329' title='bbox 400 3303 552 3359; x_wconf 88' lang='lat' dir='ltr'>attulerat.</span> <span class='ocrx_word' id='word_1_330' title='bbox 603 3301 668 3357; x_wconf 85' lang='lat' dir='ltr'>Iam</span> <span class='ocrx_word' id='word_1_331' title='bbox 692 3322 757 3357; x_wconf 79' lang='lat' dir='ltr'>aero</span> <span class='ocrx_word' id='word_1_332' title='bbox 786 3303 880 3358; x_wconf 87' lang='lat' dir='ltr'>iratus</span> <span class='ocrx_word' id='word_1_333' title='bbox 901 3300 1078 3358; x_wconf 88' lang='lat' dir='ltr'>commodius</span> <span class='ocrx_word' id='word_1_334' title='bbox 1096 3301 1142 3358; x_wconf 90' lang='lat' dir='ltr'>di-</span> 
     </span>
     <span class='ocr_line' id='line_1_38' title="bbox 57 3381 1141 3463; baseline -0.003 -21"><span class='ocrx_word' id='word_1_335' title='bbox 57 3385 154 3442; x_wconf 85' lang='lat' dir='ltr'>cebat.</span> <span class='ocrx_word' id='word_1_336' title='bbox 176 3420 215 3433; x_wconf 91' lang='lat'><em>-</em></span> <span class='ocrx_word' id='word_1_337' title='bbox 259 3385 321 3442; x_wconf 87' lang='lat' dir='ltr'>Uno</span> <span class='ocrx_word' id='word_1_338' title='bbox 343 3383 389 3441; x_wconf 88' lang='lat' dir='ltr'>die</span> <span class='ocrx_word' id='word_1_339' title='bbox 408 3384 508 3463; x_wconf 86' lang='lat' dir='ltr'>plures</span> <span class='ocrx_word' id='word_1_340' title='bbox 525 3386 660 3461; x_wconf 82' lang='lat' dir='ltr'>priuatas</span> <span class='ocrx_word' id='word_1_341' title='bbox 684 3381 809 3453; x_wconf 71' lang='lat' dir='ltr'>agebat,</span> <span class='ocrx_word' id='word_1_342' title='bbox 832 3414 872 3426; x_wconf 90' lang='lat'>-</span> <span class='ocrx_word' id='word_1_343' title='bbox 898 3381 1052 3460; x_wconf 75' lang='lat' dir='ltr'>publicam</span> <span class='ocrx_word' id='word_1_344' title='bbox 1074 3403 1141 3440; x_wconf 86' lang='lat' dir='ltr'>aero</span> 
     </span>
     <span class='ocr_line' id='line_1_39' title="bbox 56 3461 1141 3546; baseline -0.004 -22"><span class='ocrx_word' id='word_1_345' title='bbox 56 3486 206 3546; x_wconf 81' lang='lat' dir='ltr'>nunquam</span> <span class='ocrx_word' id='word_1_346' title='bbox 229 3467 354 3544; x_wconf 85' lang='lat' dir='ltr'>amplius</span> <span class='ocrx_word' id='word_1_347' title='bbox 374 3485 461 3546; x_wconf 74' lang='lat' dir='ltr'>prtum</span> <span class='ocrx_word' id='word_1_348' title='bbox 485 3485 573 3522; x_wconf 89' lang='lat' dir='ltr'>unam</span> <span class='ocrx_word' id='word_1_349' title='bbox 595 3483 650 3520; x_wconf 88' lang='lat' dir='ltr'>uno</span> <span class='ocrx_word' id='word_1_350' title='bbox 672 3462 727 3518; x_wconf 87' lang='lat' dir='ltr'>die.</span> <span class='ocrx_word' id='word_1_351' title='bbox 768 3461 831 3520; x_wconf 86' lang='lat' dir='ltr'>Nea</span> <span class='ocrx_word' id='word_1_352' title='bbox 854 3473 953 3538; x_wconf 74' lang='lat' dir='ltr'>tamen</span> <span class='ocrx_word' id='word_1_353' title='bbox 973 3467 1035 3520; x_wconf 87' lang='lat' dir='ltr'>seio</span> <span class='ocrx_word' id='word_1_354' title='bbox 1057 3483 1141 3544; x_wconf 75' lang='lat' dir='ltr'>‹Juem</span> 
     </span>
     <span class='ocr_line' id='line_1_40' title="bbox 57 3541 1138 3623; baseline -0.005 -18"><span class='ocrx_word' id='word_1_355' title='bbox 57 3567 141 3605; x_wconf 83' lang='lat' dir='ltr'>reum</span> <span class='ocrx_word' id='word_1_356' title='bbox 170 3548 215 3605; x_wconf 79' lang='lat' dir='ltr'>itti</span> <span class='ocrx_word' id='word_1_357' title='bbox 242 3545 397 3623; x_wconf 72' lang='lat' dir='ltr'>defendere</span> <span class='ocrx_word' id='word_1_358' title='bbox 426 3548 483 3601; x_wconf 86' lang='lat' dir='ltr'>nisi</span> <span class='ocrx_word' id='word_1_359' title='bbox 508 3565 540 3602; x_wconf 91' lang='lat' dir='ltr'>se</span> <span class='ocrx_word' id='word_1_360' title='bbox 572 3546 742 3615; x_wconf 75' lang='lat' dir='ltr'>contigerit:</span> <span class='ocrx_word' id='word_1_361' title='bbox 774 3541 850 3599; x_wconf 86' lang='lat' dir='ltr'>adeo</span> <span class='ocrx_word' id='word_1_362' title='bbox 875 3565 1024 3621; x_wconf 75' lang='lat' dir='ltr'>rzunpuam</span> <span class='ocrx_word' id='word_1_363' title='bbox 1047 3546 1138 3602; x_wconf 87' lang='lat' dir='ltr'>ullam</span> 
     </span>
     <span class='ocr_line' id='line_1_41' title="bbox 56 3620 1223 3704; baseline -0.004 -19"><span class='ocrx_word' id='word_1_364' title='bbox 56 3630 219 3686; x_wconf 87' lang='lat' dir='ltr'>materiam</span> <span class='ocrx_word' id='word_1_365' title='bbox 241 3626 359 3695; x_wconf 82' lang='lat' dir='ltr'>dicendi</span> <span class='ocrx_word' id='word_1_366' title='bbox 377 3629 435 3683; x_wconf 90' lang='lat' dir='ltr'>nisi</span> <span class='ocrx_word' id='word_1_367' title='bbox 450 3627 590 3704; x_wconf 79' lang='lat' dir='ltr'>pera&#39;culis</span> <span class='ocrx_word' id='word_1_368' title='bbox 610 3629 670 3681; x_wconf 87' lang='lat' dir='ltr'>suis</span> <span class='ocrx_word' id='word_1_369' title='bbox 693 3623 802 3680; x_wconf 73' lang='lat' dir='ltr'>laudarit.</span> <span class='ocrx_word' id='word_1_370' title='bbox 846 3620 1019 3681; x_wconf 88' lang='lat' dir='ltr'>Celebratur</span> <span class='ocrx_word' id='word_1_371' title='bbox 1048 3623 1141 3682; x_wconf 89' lang='lat' dir='ltr'>Cassii</span> <span class='ocrx_word' id='word_1_372' title='bbox 1219 3656 1223 3667; x_wconf 80' lang='lat'>=</span> 
     </span>
     <span class='ocr_line' id='line_1_42' title="bbox 57 3702 1140 3784; baseline -0.005 -18"><span class='ocrx_word' id='word_1_373' title='bbox 57 3707 205 3768; x_wconf 80' lang='lat' dir='ltr'>accusatio</span> <span class='ocrx_word' id='word_1_374' title='bbox 228 3706 261 3766; x_wconf 88' lang='lat' dir='ltr'>C.</span> <span class='ocrx_word' id='word_1_375' title='bbox 281 3707 372 3765; x_wconf 91' lang='lat' dir='ltr'>Nonii</span> <span class='ocrx_word' id='word_1_376' title='bbox 392 3707 583 3784; x_wconf 79' lang='lat' dir='ltr'>Asprenatis,</span> <span class='ocrx_word' id='word_1_377' title='bbox 604 3704 737 3763; x_wconf 88' lang='lat' dir='ltr'>veneficii</span> <span class='ocrx_word' id='word_1_378' title='bbox 758 3702 817 3774; x_wconf 87' lang='lat' dir='ltr'>rei,</span> <span class='ocrx_word' id='word_1_379' title='bbox 841 3704 891 3761; x_wconf 94' lang='lat' dir='ltr'>sed</span> <span class='ocrx_word' id='word_1_380' title='bbox 914 3703 985 3775; x_wconf 66' lang='lat' dir='ltr'>filii,</span> <span class='ocrx_word' id='word_1_381' title='bbox 1009 3725 1068 3762; x_wconf 92' lang='lat' dir='ltr'>non</span> <span class='ocrx_word' id='word_1_382' title='bbox 1089 3726 1140 3783; x_wconf 86' lang='lat' dir='ltr'>pa-</span> 
     </span>
     <span class='ocr_line' id='line_1_43' title="bbox 57 3783 1141 3866; baseline -0.003 -20"><span class='ocrx_word' id='word_1_383' title='bbox 57 3789 131 3859; x_wconf 64' lang='lat' dir='ltr'>tris,</span> <span class='ocrx_word' id='word_1_384' title='bbox 154 3784 241 3866; x_wconf 68' lang='lat' dir='ltr'>ortem</span> <span class='ocrx_word' id='word_1_385' title='bbox 263 3786 392 3846; x_wconf 84' lang='lat' dir='ltr'>defendit</span> <span class='ocrx_word' id='word_1_386' title='bbox 413 3787 533 3845; x_wconf 86' lang='lat' dir='ltr'>Asinius</span> <span class='ocrx_word' id='word_1_387' title='bbox 555 3786 650 3844; x_wconf 88' lang='lat' dir='ltr'>Pollio</span> <span class='ocrx_word' id='word_1_388' title='bbox 672 3783 714 3864; x_wconf 84' lang='lat' dir='ltr'>(v.</span> <span class='ocrx_word' id='word_1_389' title='bbox 737 3783 904 3841; x_wconf 86' lang='lat' dir='ltr'>Weichert.</span> <span class='ocrx_word' id='word_1_390' title='bbox 927 3783 943 3839; x_wconf 91' lang='lat' dir='ltr'>l.</span> <span class='ocrx_word' id='word_1_391' title='bbox 966 3783 984 3839; x_wconf 92' lang='lat' dir='ltr'>l.</span> <span class='ocrx_word' id='word_1_392' title='bbox 1007 3808 1033 3864; x_wconf 94' lang='lat' dir='ltr'>p.</span> <span class='ocrx_word' id='word_1_393' title='bbox 1059 3787 1141 3864; x_wconf 73' lang='lat' dir='ltr'>tot.)</span> 
     </span>
     <span class='ocr_line' id='line_1_44' title="bbox 57 3862 1142 3946; baseline -0.003 -18"><span class='ocrx_word' id='word_1_394' title='bbox 57 3869 195 3935; x_wconf 86' lang='lat' dir='ltr'>instituta</span> <span class='ocrx_word' id='word_1_395' title='bbox 216 3873 284 3928; x_wconf 82' lang='lat'>745.</span> <span class='ocrx_word' id='word_1_396' title='bbox 306 3871 343 3927; x_wconf 93' lang='lat' dir='ltr'>U.</span> <span class='ocrx_word' id='word_1_397' title='bbox 367 3866 400 3926; x_wconf 93' lang='lat' dir='ltr'>C.</span> <span class='ocrx_word' id='word_1_398' title='bbox 432 3862 655 3925; x_wconf 78' lang='lat' dir='ltr'>Cs.Woieltert.</span> <span class='ocrx_word' id='word_1_399' title='bbox 675 3868 744 3924; x_wconf 79' lang='lat' dir='ltr'>Eae.</span> <span class='ocrx_word' id='word_1_400' title='bbox 768 3867 788 3921; x_wconf 90' lang='lat' dir='ltr'>l.</span> <span class='ocrx_word' id='word_1_401' title='bbox 810 3863 902 3922; x_wconf 83' lang='lat' dir='ltr'>de&#39;C.</span> <span class='ocrx_word' id='word_1_402' title='bbox 923 3865 999 3921; x_wconf 91' lang='lat' dir='ltr'>Non.</span> <span class='ocrx_word' id='word_1_403' title='bbox 1029 3868 1142 3946; x_wconf 80' lang='lat' dir='ltr'>Aspre-</span> 
     </span>
     <span class='ocr_line' id='line_1_45' title="bbox 56 3944 1142 4044; baseline -0.003 -35"><span class='ocrx_word' id='word_1_404' title='bbox 56 3960 127 4009; x_wconf 90' lang='lat' dir='ltr'>nate</span> <span class='ocrx_word' id='word_1_405' title='bbox 146 3972 175 4044; x_wconf 90' lang='lat' dir='ltr'>p.</span> <span class='ocrx_word' id='word_1_406' title='bbox 196 3954 253 4012; x_wconf 77' lang='lat' dir='ltr'>sot</span> <span class='ocrx_word' id='word_1_407' title='bbox 277 3972 318 4027; x_wconf 93' lang='lat' dir='ltr'>sq.</span> <span class='ocrx_word' id='word_1_408' title='bbox 360 3950 405 4006; x_wconf 88' lang='lat' dir='ltr'>De</span> <span class='ocrx_word' id='word_1_409' title='bbox 428 3947 530 4007; x_wconf 88' lang='lat' dir='ltr'>Cassio</span> <span class='ocrx_word' id='word_1_410' title='bbox 552 3952 663 4018; x_wconf 83' lang='lat' dir='ltr'>Severo</span> <span class='ocrx_word' id='word_1_411' title='bbox 685 3947 731 4004; x_wconf 83' lang='lat' dir='ltr'>vd.</span> <span class='ocrx_word' id='word_1_412' title='bbox 744 3944 890 4004; x_wconf 70' lang='lat' dir='ltr'>Ecltstein.</span> <span class='ocrx_word' id='word_1_413' title='bbox 909 3944 938 4002; x_wconf 92' lang='lat' dir='ltr'>in</span> <span class='ocrx_word' id='word_1_414' title='bbox 954 3947 1007 4004; x_wconf 83' lang='lat' dir='ltr'>Ed.</span> <span class='ocrx_word' id='word_1_415' title='bbox 1027 3948 1142 4016; x_wconf 86' lang='lat' dir='ltr'>Walth.</span> 
     </span>
     <span class='ocr_line' id='line_1_46' title="bbox 56 4025 1143 4112; baseline -0.003 -22"><span class='ocrx_word' id='word_1_416' title='bbox 56 4028 187 4112; x_wconf 71' lang='lat' dir='ltr'>Madvig]</span> <span class='ocrx_word' id='word_1_417' title='bbox 210 4030 432 4111; x_wconf 68' lang='lat' dir='ltr'>Opuseoacad.</span> <span class='ocrx_word' id='word_1_418' title='bbox 454 4053 481 4108; x_wconf 93' lang='lat' dir='ltr'>p.</span> <span class='ocrx_word' id='word_1_419' title='bbox 507 4035 551 4087; x_wconf 89' lang='grc'>17.</span> <span class='ocrx_word' id='word_1_420' title='bbox 591 4029 683 4086; x_wconf 87' lang='lat' dir='ltr'>Andr.</span> <span class='ocrx_word' id='word_1_421' title='bbox 701 4026 815 4085; x_wconf 86' lang='lat' dir='ltr'>Sehott.</span> <span class='ocrx_word' id='word_1_422' title='bbox 837 4027 871 4084; x_wconf 87' lang='lat' dir='ltr'>de</span> <span class='ocrx_word' id='word_1_423' title='bbox 897 4025 963 4084; x_wconf 85' lang='lat' dir='ltr'>clar.</span> <span class='ocrx_word' id='word_1_424' title='bbox 980 4048 1023 4107; x_wconf 85' lang='lat' dir='ltr'>ap.</span> <span class='ocrx_word' id='word_1_425' title='bbox 1039 4030 1143 4087; x_wconf 89' lang='lat' dir='ltr'>Senec.</span> 
     </span>
     <span class='ocr_line' id='line_1_47' title="bbox 56 4109 1142 4252; baseline -0.002 -82"><span class='ocrx_word' id='word_1_426' title='bbox 56 4111 174 4171; x_wconf 86' lang='lat' dir='ltr'>rhetor.</span> <span class='ocrx_word' id='word_1_427' title='bbox 193 4134 223 4252; x_wconf 78' lang='lat' dir='ltr'>p</span> <span class='ocrx_word' id='word_1_428' title='bbox 243 4113 304 4171; x_wconf 82' lang='lat'>404</span> <span class='ocrx_word' id='word_1_429' title='bbox 327 4134 369 4252; x_wconf 54' lang='lat' dir='ltr'>spi</span> <span class='ocrx_word' id='word_1_430' title='bbox 391 4112 503 4192; x_wconf 76' lang='lat' dir='ltr'>Meyer.</span> <span class='ocrx_word' id='word_1_431' title='bbox 523 4109 625 4190; x_wconf 79' lang='lat' dir='ltr'>fragm.</span> <span class='ocrx_word' id='word_1_432' title='bbox 647 4118 732 4166; x_wconf 87' lang='lat' dir='ltr'>oratt.</span> <span class='ocrx_word' id='word_1_433' title='bbox 753 4129 780 4186; x_wconf 95' lang='lat' dir='ltr'>p.</span> <span class='ocrx_word' id='word_1_434' title='bbox 802 4113 861 4166; x_wconf 80' lang='lat'>225</span> <span class='ocrx_word' id='word_1_435' title='bbox 886 4128 928 4186; x_wconf 89' lang='lat' dir='ltr'>sq.</span> <span class='ocrx_word' id='word_1_436' title='bbox 949 4109 1084 4168; x_wconf 81' lang='lat' dir='ltr'>Bonnell.</span> <span class='ocrx_word' id='word_1_437' title='bbox 1105 4109 1142 4168; x_wconf 84' lang='lat' dir='ltr'>de</span> 
     </span>
    </p>
   </div>
   <div class='ocr_carea' id='block_1_6' title="bbox 42 4187 951 4274">
    <p class='ocr_par' dir='ltr' id='par_1_7' title="bbox 42 4187 951 4274">
     <span class='ocr_line' id='line_1_48' title="bbox 42 4187 951 4274; baseline -0.008 -22"><span class='ocrx_word' id='word_1_438' title='bbox 42 4203 132 4252; x_wconf 16' lang='lat' dir='ltr'>Vnus.</span> <span class='ocrx_word' id='word_1_439' title='bbox 157 4214 192 4252; x_wconf 87' lang='lat' dir='ltr'>su</span> <span class='ocrx_word' id='word_1_440' title='bbox 233 4192 337 4274; x_wconf 39' lang='lat' dir='ltr'>prima</span> <span class='ocrx_word' id='word_1_441' title='bbox 366 4211 454 4250; x_wconf 86' lang='lat' dir='ltr'>aesar.</span> <span class='ocrx_word' id='word_1_442' title='bbox 477 4190 553 4270; x_wconf 82' lang='lat' dir='ltr'>eloq.</span> <span class='ocrx_word' id='word_1_443' title='bbox 574 4193 661 4250; x_wconf 78' lang='lat' dir='ltr'>Rom.</span> <span class='ocrx_word' id='word_1_444' title='bbox 681 4187 793 4250; x_wconf 85' lang='lat' dir='ltr'>condic·</span> <span class='ocrx_word' id='word_1_445' title='bbox 814 4211 843 4269; x_wconf 84' lang='lat' dir='ltr'>p.</span> <span class='ocrx_word' id='word_1_446' title='bbox 867 4192 886 4247; x_wconf 88' lang='lat'><strong>7</strong></span> <span class='ocrx_word' id='word_1_447' title='bbox 906 4209 951 4266; x_wconf 81' lang='lat' dir='ltr'>sq.</span> 
     </span>
    </p>
   </div>
   <div class='ocr_carea' id='block_1_7' title="bbox 0 0 1327 4656">
    <p class='ocr_par' dir='ltr' id='par_1_8' title="bbox 0 0 1327 4656">
     <span class='ocr_line' id='line_1_49' title="bbox 0 0 1327 4656; baseline 0 0"><span class='ocrx_word' id='word_1_448' title='bbox 0 0 1327 4656; x_wconf 95' lang='lat' dir='ltr'> </span> 
     </span>
    </p>
   </div>
  </div>
 </body>
</html>
