2634 4656
515 260 594 344 Cap.
620 262 679 323 Xt.
1098 262 1140 322 73
1201 260 1206 269 '

58 442 141 487 num
160 412 268 509 gloria
283 430 425 515 partum.
476 415 528 489 Ac
547 442 601 489 me
626 415 808 513 deiungere
833 441 851 487 a
876 413 1001 500 sorensi
1017 408 1141 487 ¹labore
1185 426 1191 435 '

59 513 252 600 constitui,
271 540 333 584 ncc
358 513 532 609 comitatus
556 515 639 588 istos
665 533 698 588 et
721 540 876 611 egressus
903 529 959 585 aut
983 512 1141 612 frequen-

58 612 139 684 tiam
163 611 399 685 salutationum
428 614 630 715 concupisco
656 642 725 687 non
751 612 857 708 magis
882 637 982 710 quam
1009 638 1085 684 aera
1109 628 1142 685 et

58 710 246 807 imagines]
272 738 358 809 quoe
384 713 481 784 ctiam
507 740 560 784 me
583 712 716 786 nolente
739 713 774 784 in
801 712 937 783 dantum
963 736 1069 782 meam
1094 711 1143 782 ir-

58 826 236 911 ruperunt
288 812 373 881 Nam
396 827 516 883 statum
538 811 712 910 hucusque
737 839 776 884 ac
793 811 1001 883 securitatem
1022 809 1142 891 melius

59 905 253 981 innocentia
278 924 374 981 tueor
399 937 498 1008 quatu
524 908 733 1011 eloquentia;
758 939 821 984 nec
839 914 973 994 vereor,
999 934 1041 980 ne
1059 906 1141 979 milri

59 1035 212 1179 pnquapr
242 1006 345 1123 verba
375 1008 412 1083 in
443 1014 578 1083 senatu¹
596 1008 663 1082 nisi
695 1038 760 1112 pro
789 1008 922 1083 alterius
949 1005 1141 1083 discrimine

74 1132 169 1179 acron
196 1133 217 1178 a
241 1122 318 1180 srnt.

60 1277 111 1335 21.
131 1285 284 1337 certamen
295 1274 355 1334 Vit.
369 1274 417 1350 4.,
439 1296 527 1354 quem
550 1276 644 1338 secuti
663 1288 734 1337 sunt
753 1276 899 1340 Boettich.
914 1273 1030 1337 Waltlr.
1052 1272 1141 1334 Bach.

60 1354 174 1436 Recepi
192 1355 354 1416 faciliorem
380 1358 611 1419 emendationem
640 1360 765 1440 Rupert.
810 1359 946 1422 Neroneo
976 1378 1016 1417 sc.
1046 1366 1143 1417 certa-e

60 1436 203 1497 mine-
225 1457 335 1520 agone,
373 1459 464 1518 quum
498 1438 570 1499 mibi
602 1440 790 1500 verisimilius
818 1441 983 1512 videatur„
1004 1435 1144 1495 librarios

15 1548 19 1557 ·
60 1516 160 1597 lapsos
181 1538 247 1579 esse
268 1518 300 1577 in
314 1518 431 1580 Nerone
472 1542 506 1579 ro
523 1522 658 1582 Neroneo
681 1543 765 1601 quam
779 1542 834 1601 pro
853 1521 1013 1587 Neroneis,·
1035 1515 1141 1576 deinde

60 1596 129 1662 lect
149 1597 226 1661 coo.
246 1602 312 1661 Vat.
327 1604 413 1660 1862.
434 1542 555 1661 Nerone*
572 1601 694 1682 propius
716 1603 853 1663 accedere
873 1600 992 1661 videtur
1012 1598 1048 1659 ad
1066 1598 1142 1657 hanc

60 1680 312 1752 emendationem
331 1693 394 1743 tum
414 1702 432 1740 o
453 1695 520 1742 ante
539 1704 599 1762 seq.
621 1687 662 1742 im
679 1682 761 1743 facilc
780 1683 914 1743 excidere
929 1690 1052 1761 poterat
1092 1678 1140 1739 De

59 1760 203 1825 Neroniis
222 1762 258 1822 cl.
276 1762 358 1823 Suet.
377 1762 447 1823 Ner.
466 1768 513 1824 12.
563 1764 695 1823 Instituit
715 1774 744 1824 et
763 1764 970 1845 quinquennale
991 1770 1141 1820 certarnen
1256 1796 1261 1811 .

56 1846 175 1924 primus
190 1847 318 1905 omniurn
331 1845 447 1904 Romae
466 1866 548 1905 more
565 1845 682 1904 Graeco
699 1846 822 1926 triplex,
845 1847 1005 1918 musicum,
1026 1843 1141 1937 gymni-

62 1944 148 2000 cum,
178 1936 326 2008 equestre,
371 1925 431 1985 uod
456 1928 616 2007 appellavit
641 1926 783 1987 Neronia.
825 1924 934 1985 Vatinii
960 1934 1140 1983 mentionem

59 2004 131 2066 lacit
151 2006 221 2065 Tac.
242 2007 319 2067 Anu.
344 1949 411 2081 ilV,
430 2011 478 2067 34.
524 2010 656 2066 lirtinius
675 2011 753 2066 inter
770 2005 948 2086 foedissima
969 2009 1032 2064 eius
1051 2005 1141 2064 aulae

60 2096 180 2149 ostenta
189 2084 268 2167 suit,
291 2090 424 2146 sutrinae
445 2088 587 2147 tabernae
608 2092 760 2158 alumnus,
788 2109 910 2170 corpore
930 2087 1063 2158 detorto,
1083 2081 1140 2163 sa-

60 2173 148 2233 cetiis
164 2168 344 2238 scurrilibus,
362 2172 459 2249 primo
480 2173 510 2228 in
531 2174 723 2231 contumelias
744 2180 920 2251 assumptus,
943 2168 1047 2227 deinde
1063 2168 1140 2246 opti-

60 2252 261 2390 minuiturque
283 2253 487 2312 criminatione
507 2271 541 2311 eo
564 2274 651 2334 usque
673 2253 779 2323 caluit,
808 2263 840 2314 ut
862 2254 981 2326 gratia,
1001 2251 1140 2329 paoercia,

61 2333 91 2391 oi
109 2352 202 2391 nocen
223 2335 236 2390 i
255 2334 345 2397 etiarn
367 2333 463 2391 malas
485 2337 701 2416 praemineret:
730 2333 802 2392 adde
822 2333 911 2391 Dion.
932 2329 1013 2392 Cass.
1035 2329 1141 2404 LXlll,

64 2416 114 2474 15.
135 2410 260 2476 Martial.
274 2414 355 2487 XlV,
370 2416 418 2473 96.
441 2413 576 2473 Gronov.
595 2413 615 2473 l.
634 2414 669 2474 l.:
690 2413 833 2472 »Videtur
848 2411 1006 2485 Neroniis,
1026 2408 1140 2469 musico

60 2490 177 2577 agone,
198 2493 234 2554 de
249 2513 308 2575 quo
322 2494 445 2567 Sueton.
459 2494 520 2553 Vit.
534 2495 603 2554 Ner.
621 2499 667 2554 12.
682 2495 855 2571 [Maternus]
871 2504 974 2553 contra
990 2488 1141 2553 Vatinium

60 2585 232 2639 coronatus.
266 2574 384 2650 ,Quum
408 2574 576 2648 Vatinium,
604 2574 718 2656 inquit,
748 2573 830 2637 cuius
853 2573 923 2633 vitia
943 2571 1140 2633 Neronianam

82 2676 183 2735 uoque
203 2655 297 2716 aulam
317 2667 478 2716 onerarunt
493 2668 523 2716 et
538 2655 656 2736 gravius
670 2655 862 2730 infamarunt,
882 2654 1035 2717 audentem
1053 2650 1140 2710 ctiam

60 2736 215 2797 immundo
244 2756 300 2797 suo
327 2747 463 2797 contactu
484 2736 618 2818 polluere
641 2738 740 2796 Musas
762 2735 843 2795 etin
864 2735 985 2817 gratiam
1010 2731 1140 2797 Neronis

59 2838 124 2879 non
144 2816 235 2878 modo
255 2816 386 2898 poetari,
409 2817 461 2878 sed
483 2830 513 2878 et
526 2818 704 2899 tragoediam
725 2817 924 2893 committere,
947 2826 1060 2876 certans
1082 2811 1140 2891 vici

61 2910 94 2960 et
114 2918 152 2960 eo
171 2899 291 2995 redegi,
310 2910 346 2958 ut
365 2898 438 2961 nihil
459 2897 501 2959 illi
520 2899 668 2980 profuerit
687 2908 740 2962 stra
760 2898 909 2986 potentie,
935 2897 1007 2981 quin
1027 2894 1139 2961 iudices

61 2980 100 3045 'dc
118 2978 172 3042 illo
190 2980 263 3043 milu
285 2979 407 3062 palmam
428 2980 554 3044 durent·¹

141 3069 191 3132 Ac
218 3090 266 3130 me
291 3069 447 3147 deiungere
467 3090 490 3129 a
509 3067 628 3149 sorensi
646 3068 764 3150 labore]
794 3071 854 3132 Pro
874 3067 1030 3140 deiungere
1045 3061 1140 3126 Codd.

61 3160 94 3219 cl
112 3163 193 3225 ,retu
220 3151 295 3229 Edd.
321 3150 388 3217 lect.
418 3151 491 3217 Edd.
515 3151 696 3233 aBernegg.
724 3144 820 3231 usque
849 3145 1141 3211 adornatarum

57 3254 132 3313 gere
152 3232 344 3315 scripserunt.
384 3232 551 3308 Deiunqere
574 3230 668 3291 rarius
691 3230 783 3296 Plaut.
805 3230 888 3293 Asin.
911 3230 960 3301 111,
986 3232 1016 3302 3,
1038 3231 1085 3289 75.
1111 3235 1141 3286 et

60 3312 219 3380 confusum
247 3335 313 3395 cum
342 3308 507 3388 disiungere
535 3310 596 3374 Cic.
618 3312 653 3374 de
674 3311 813 3373 Univers.
837 3316 864 3372 5.
896 3307 999 3381 Orell.,
1021 3307 1057 3369 de
1079 3327 1141 3385 qiua

59 3395 156 3459 forma
184 3393 319 3459 dubitare
345 3415 406 3459 uon
431 3393 554 3457 debehat
585 3395 730 3457 Goereuz.
759 3393 790 3453 in
820 3392 898 3455 lahn.
928 3389 1021 3452 lahrb.
1045 3393 1141 3449 1826.

59 3470 100 3559 ps
110 3480 179 3538 321.
221 3477 358 3541 Forensis
377 3476 463 3535 labor
489 3476 507 3535 i.
529 3498 557 3555 q.
584 3475 685 3536 studia
702 3472 771 3552 sori
795 3472 894 3554 Agric.
916 3477 964 3533 39.
985 3467 1089 3548 forum
1111 3476 1142 3527 et

59 3558 226 3646 eloquentia
245 3556 321 3623 Diu.
342 3559 390 3618 34.
411 3556 466 3619 Vd.
487 3555 601 3638 Rigleri
621 3558 763 3615 annotatt.
784 3554 819 3619 ad
839 3556 908 3617 Tac.
928 3551 1029 3634 Agriu
1045 3573 1075 3632 p.
1090 3554 1141 3609 33.

143 3647 304 3707 comitatus
324 3648 396 3704 istos
417 3641 463 3724 et]
489 3639 535 3702 Cf.
555 3664 600 3722 cp.
624 3647 652 3701 6.
674 3653 704 3700 et
721 3646 771 3700 29.

141 3756 221 3805 aera
239 3746 269 3797 et
287 3732 448 3816 imagines]
471 3731 517 3797 Cs.
538 3744 638 3799 annot.
656 3732 693 3792 ad
716 3752 760 3814 cp.
778 3737 807 3792 8.

140 3824 224 3889 Num
252 3835 363 3888 statum
389 3825 482 3887 bracus
500 3842 535 3884 ue
564 3841 601 3881 ac
627 3824 817 3883 securitatem
845 3817 949 3877 melius
975 3811 1142 3869 innocentia
1225 3826 1230 3833 ’

58 3916 146 3968 tuem
160 3926 255 3994 quam
276 3902 455 3989 eloquentia]
476 3846 521 3962 lix
541 3903 682 3963 emendat.
704 3901 783 3981 Lips.
802 3919 857 3978 pro
878 3898 1015 3975 cuiusque
1033 3891 1076 3951 ad
1092 3888 1142 3953 re'-

59 3998 205 4069 ceperunt
226 3986 309 4047 mult.
329 3987 404 4046 Edd.
445 3984 527 4059 Quid
548 3984 587 4044 sit
608 3984 774 4041 innocentia
798 3979 826 4037 h.
847 3977 885 4053 l.,
917 3974 1028 4056 optime
1048 3970 1141 4053 expli-

44 4080 106 4143 cat
132 4064 197 4129 Cic.
225 4069 314 4129 Tusc.
335 4070 385 4141 ΙΙΙ,
402 4072 431 4127 8.
460 4068 553 4125 omnis
580 4065 766 4138 innocentia,
796 4080 871 4142 quae
900 4055 982 4139 apud
1009 4055 1142 4114 Graecos

58 4153 204 4217 miratum
232 4169 337 4245 nornen
364 4148 475 4213 nullum
502 4146 611 4219 habet,
643 4144 698 4208 sed
723 4142 833 4205 trabere
857 4147 955 4226 potest
980 4137 1017 4215 ἄρ
1043 4138 1050 4159 ’
1092 4152 1140 4193 aar
