<?xml version="1.0" encoding="UTF-8"?>
<!DOCTYPE html PUBLIC "-//W3C//DTD XHTML 1.0 Transitional//EN"
    "http://www.w3.org/TR/xhtml1/DTD/xhtml1-transitional.dtd">
<html xmlns="http://www.w3.org/1999/xhtml" xml:lang="en" lang="en">
 <head>
  <title>
</title>
<meta http-equiv="Content-Type" content="text/html;charset=utf-8" />
  <meta name='ocr-system' content='tesseract 3.04.00' />
  <meta name='ocr-capabilities' content='ocr_page ocr_carea ocr_par ocr_line ocrx_word'/>
</head>
<body>
  <div class='ocr_page' id='page_1' title='image "./dialogusdeorato00tacigoog_0109.png"; bbox 0 0 2634 4656; ppageno 0'>
   <div class='ocr_carea' id='block_1_1' title="bbox 109 236 944 325">
    <p class='ocr_par' dir='ltr' id='par_1_1' title="bbox 109 236 944 325">
     <span class='ocr_line' id='line_1_1' title="bbox 109 236 944 325; baseline -0.012 -17"><span class='ocrx_word' id='word_1_1' title='bbox 109 246 155 308; x_wconf 83' lang='grc'><strong>56</strong></span> <span class='ocrx_word' id='word_1_2' title='bbox 432 239 591 325; x_wconf 71' lang='lat' dir='ltr'><strong>Dialogus</strong></span> <span class='ocrx_word' id='word_1_3' title='bbox 613 239 653 304; x_wconf 79' lang='lat' dir='ltr'><strong>de</strong></span> <span class='ocrx_word' id='word_1_4' title='bbox 674 236 863 309; x_wconf 76' lang='lat' dir='ltr'><strong>Oratorilue</strong></span> <span class='ocrx_word' id='word_1_5' title='bbox 940 300 944 315; x_wconf 69' lang='grc'><em>,</em></span> 
     </span>
    </p>
   </div>
   <div class='ocr_carea' id='block_1_2' title="bbox 100 389 1232 1081">
    <p class='ocr_par' dir='ltr' id='par_1_2' title="bbox 100 389 1232 1081">
     <span class='ocr_line' id='line_1_2' title="bbox 112 389 1196 510; baseline -0.008 -38"><span class='ocrx_word' id='word_1_6' title='bbox 112 395 205 486; x_wconf 88' lang='lat' dir='ltr'><strong>eius,</strong></span> <span class='ocrx_word' id='word_1_7' title='bbox 230 394 261 468; x_wconf 89' lang='lat' dir='ltr'><strong>si</strong></span> <span class='ocrx_word' id='word_1_8' title='bbox 282 394 515 510; x_wconf 88' lang='lat' dir='ltr'><strong>propinquus,</strong></span> <span class='ocrx_word' id='word_1_9' title='bbox 539 395 569 467; x_wconf 88' lang='lat' dir='ltr'><strong>si</strong></span> <span class='ocrx_word' id='word_1_10' title='bbox 595 392 741 491; x_wconf 89' lang='lat' dir='ltr'><strong>denique</strong></span> <span class='ocrx_word' id='word_1_11' title='bbox 765 391 839 492; x_wconf 90' lang='lat' dir='ltr'><strong>ipse</strong></span> <span class='ocrx_word' id='word_1_12' title='bbox 863 390 900 464; x_wconf 91' lang='lat' dir='ltr'><strong>in</strong></span> <span class='ocrx_word' id='word_1_13' title='bbox 925 389 1065 491; x_wconf 82' lang='lat' dir='ltr'>aliquod</span> <span class='ocrx_word' id='word_1_14' title='bbox 1088 416 1196 488; x_wconf 77' lang='lat' dir='ltr'><strong>nego-</strong></span> 
     </span>
     <span class='ocr_line' id='line_1_3' title="bbox 111 490 1196 589; baseline -0.005 -18"><span class='ocrx_word' id='word_1_15' title='bbox 111 497 197 589; x_wconf 84' lang='lat' dir='ltr'><strong>tium</strong></span> <span class='ocrx_word' id='word_1_16' title='bbox 219 493 392 584; x_wconf 87' lang='lat' dir='ltr'><strong>incident,</strong></span> <span class='ocrx_word' id='word_1_17' title='bbox 422 493 467 568; x_wconf 94' lang='lat' dir='ltr'><strong>ad</strong></span> <span class='ocrx_word' id='word_1_18' title='bbox 494 493 586 567; x_wconf 88' lang='lat' dir='ltr'><strong>hune</strong></span> <span class='ocrx_word' id='word_1_19' title='bbox 616 491 809 567; x_wconf 89' lang='lat' dir='ltr'><strong>Secundum</strong></span> <span class='ocrx_word' id='word_1_20' title='bbox 834 507 984 564; x_wconf 81' lang='lat' dir='ltr'><strong>recurret</strong></span> <span class='ocrx_word' id='word_1_21' title='bbox 1009 508 1068 564; x_wconf 89' lang='lat' dir='ltr'><strong>aut</strong></span> <span class='ocrx_word' id='word_1_22' title='bbox 1093 490 1144 563; x_wconf 55' lang='lat' dir='ltr'><strong>ad.</strong></span> <span class='ocrx_word' id='word_1_23' title='bbox 1163 507 1196 566; x_wconf 86' lang='lat' dir='ltr'><strong>te</strong></span> 
     </span>
     <span class='ocr_line' id='line_1_4' title="bbox 113 592 1232 694; baseline -0.004 -26"><span class='ocrx_word' id='word_1_24' title='bbox 113 594 287 681; x_wconf 86' lang='lat' dir='ltr'><strong>Materne,</strong></span> <span class='ocrx_word' id='word_1_25' title='bbox 321 621 391 667; x_wconf 92' lang='lat' dir='ltr'><strong>non</strong></span> <span class='ocrx_word' id='word_1_26' title='bbox 417 592 497 692; x_wconf 88' lang='lat' dir='ltr'><strong>quia</strong></span> <span class='ocrx_word' id='word_1_27' title='bbox 521 609 619 694; x_wconf 89' lang='lat' dir='ltr'><strong>poeta</strong></span> <span class='ocrx_word' id='word_1_28' title='bbox 645 617 700 679; x_wconf 88' lang='lat' dir='ltr'><strong>es,</strong></span> <span class='ocrx_word' id='word_1_29' title='bbox 731 606 899 688; x_wconf 86' lang='lat' dir='ltr'><strong>nequent</strong></span> <span class='ocrx_word' id='word_1_30' title='bbox 923 617 986 690; x_wconf 88' lang='lat' dir='ltr'><strong>pro</strong></span> <span class='ocrx_word' id='word_1_31' title='bbox 1012 616 1053 661; x_wconf 92' lang='lat' dir='ltr'><strong>eo</strong></span> <span class='ocrx_word' id='word_1_32' title='bbox 1079 617 1196 663; x_wconf 81' lang='lat' dir='ltr'><strong>verens</strong></span> <span class='ocrx_word' id='word_1_33' title='bbox 1227 600 1232 605; x_wconf 82' lang='lat'>&#39;</span> 
     </span>
     <span class='ocr_line' id='line_1_5' title="bbox 112 687 1197 790; baseline 0 -26"><span class='ocrx_word' id='word_1_34' title='bbox 112 692 234 767; x_wconf 82' lang='lat' dir='ltr'><strong>facias:</strong></span> <span class='ocrx_word' id='word_1_35' title='bbox 260 693 296 764; x_wconf 89' lang='lat' dir='ltr'><strong>hi</strong></span> <span class='ocrx_word' id='word_1_36' title='bbox 321 695 408 766; x_wconf 88' lang='lat' dir='ltr'><strong>enirn</strong></span> <span class='ocrx_word' id='word_1_37' title='bbox 425 695 534 765; x_wconf 85' lang='lat' dir='ltr'><strong>Basso</strong></span> <span class='ocrx_word' id='word_1_38' title='bbox 559 690 874 777; x_wconf 79' lang='lat' dir='ltr'><strong>dominnseuntur,</strong></span> <span class='ocrx_word' id='word_1_39' title='bbox 898 687 1033 790; x_wconf 81' lang='lat' dir='ltr'>pulchri</span> <span class='ocrx_word' id='word_1_40' title='bbox 1060 689 1197 789; x_wconf 85' lang='lat' dir='ltr'><strong>quidem</strong></span> 
     </span>
     <span class='ocr_line' id='line_1_6' title="bbox 100 787 1198 892; baseline -0.001 -29"><span class='ocrx_word' id='word_1_41' title='bbox 100 807 149 864; x_wconf 86' lang='lat' dir='ltr'><strong>et</strong></span> <span class='ocrx_word' id='word_1_42' title='bbox 173 791 331 879; x_wconf 90' lang='lat' dir='ltr'><strong>iucundi,</strong></span> <span class='ocrx_word' id='word_1_43' title='bbox 365 813 509 892; x_wconf 86' lang='lat' dir='ltr'><strong>quorum</strong></span> <span class='ocrx_word' id='word_1_44' title='bbox 533 807 643 862; x_wconf 87' lang='lat' dir='ltr'><strong>tamen</strong></span> <span class='ocrx_word' id='word_1_45' title='bbox 674 787 729 861; x_wconf 89' lang='lat' dir='ltr'><strong>hic</strong></span> <span class='ocrx_word' id='word_1_46' title='bbox 760 787 866 860; x_wconf 86' lang='lat' dir='ltr'><strong>exitus</strong></span> <span class='ocrx_word' id='word_1_47' title='bbox 893 793 961 877; x_wconf 73' lang='lat' dir='ltr'><strong>est,</strong></span> <span class='ocrx_word' id='word_1_48' title='bbox 999 805 1066 877; x_wconf 84' lang='lat' dir='ltr'><strong>ut,</strong></span> <span class='ocrx_word' id='word_1_49' title='bbox 1094 805 1198 890; x_wconf 82' lang='lat' dir='ltr'><strong>quum</strong></span> 
     </span>
     <span class='ocr_line' id='line_1_7' title="bbox 100 886 1199 990; baseline 0.005 -33"><span class='ocrx_word' id='word_1_50' title='bbox 100 905 185 962; x_wconf 68' lang='lat' dir='ltr'><strong>,toto</strong></span> <span class='ocrx_word' id='word_1_51' title='bbox 208 917 314 977; x_wconf 90' lang='lat' dir='ltr'><strong>anno,</strong></span> <span class='ocrx_word' id='word_1_52' title='bbox 340 919 402 990; x_wconf 90' lang='lat' dir='ltr'><strong>per</strong></span> <span class='ocrx_word' id='word_1_53' title='bbox 416 916 531 980; x_wconf 80' lang='lat' dir='ltr'><strong>omnes</strong></span> <span class='ocrx_word' id='word_1_54' title='bbox 551 887 647 976; x_wconf 85' lang='lat' dir='ltr'><strong>dies,</strong></span> <span class='ocrx_word' id='word_1_55' title='bbox 673 913 794 984; x_wconf 85' lang='lat' dir='ltr'><strong>magna</strong></span> <span class='ocrx_word' id='word_1_56' title='bbox 813 886 961 957; x_wconf 85' lang='lat' dir='ltr'><strong>noctium</strong></span> <span class='ocrx_word' id='word_1_57' title='bbox 977 903 1075 986; x_wconf 85' lang='lat' dir='ltr'><strong>parte</strong></span> <span class='ocrx_word' id='word_1_58' title='bbox 1093 916 1199 963; x_wconf 87' lang='lat' dir='ltr'><strong>unum</strong></span> 
     </span>
     <span class='ocr_line' id='line_1_8' title="bbox 115 981 1200 1081; baseline 0 -21"><span class='ocrx_word' id='word_1_59' title='bbox 115 985 242 1060; x_wconf 87' lang='lat' dir='ltr'><strong>librum</strong></span> <span class='ocrx_word' id='word_1_60' title='bbox 268 988 415 1061; x_wconf 81' lang='lat' dir='ltr'><strong>eueudit¹</strong></span> <span class='ocrx_word' id='word_1_61' title='bbox 431 1004 463 1059; x_wconf 88' lang='lat' dir='ltr'><strong>et</strong></span> <span class='ocrx_word' id='word_1_62' title='bbox 488 985 713 1076; x_wconf 78' lang='lat' dir='ltr'>elucubravit,</span> <span class='ocrx_word' id='word_1_63' title='bbox 747 1010 868 1081; x_wconf 85' lang='lat' dir='ltr'><strong>rogere</strong></span> <span class='ocrx_word' id='word_1_64' title='bbox 893 981 981 1056; x_wconf 89' lang='lat' dir='ltr'><strong>ultro</strong></span> <span class='ocrx_word' id='word_1_65' title='bbox 1007 998 1040 1058; x_wconf 83' lang='lat' dir='ltr'><strong>et</strong></span> <span class='ocrx_word' id='word_1_66' title='bbox 1071 984 1200 1061; x_wconf 84' lang='lat' dir='ltr'><strong>ambire</strong></span> 
     </span>
    </p>
   </div>
   <div class='ocr_carea' id='block_1_3' title="bbox 42 1136 1226 2361">
    <p class='ocr_par' dir='ltr' id='par_1_3' title="bbox 42 1136 1226 2021">
     <span class='ocr_line' id='line_1_9' title="bbox 199 1136 1226 1222; baseline -0.004 -25"><span class='ocrx_word' id='word_1_67' title='bbox 199 1141 228 1198; x_wconf 82' lang='lat' dir='ltr'><strong>si</strong></span> <span class='ocrx_word' id='word_1_68' title='bbox 255 1138 376 1221; x_wconf 79' lang='lat' dir='ltr'><strong>denique</strong></span> <span class='ocrx_word' id='word_1_69' title='bbox 404 1142 464 1220; x_wconf 86' lang='lat' dir='ltr'><strong>ipse</strong></span> <span class='ocrx_word' id='word_1_70' title='bbox 491 1141 522 1197; x_wconf 89' lang='lat' dir='ltr'><strong>in</strong></span> <span class='ocrx_word' id='word_1_71' title='bbox 539 1139 659 1221; x_wconf 79' lang='lat' dir='ltr'><em>aliquod</em></span> <span class='ocrx_word' id='word_1_72' title='bbox 677 1141 822 1213; x_wconf 74' lang='lat' dir='ltr'><strong>negotium</strong></span> <span class='ocrx_word' id='word_1_73' title='bbox 841 1137 1030 1197; x_wconf 82' lang='lat' dir='ltr'><strong>inciderit-</strong></span> <span class='ocrx_word' id='word_1_74' title='bbox 1051 1136 1226 1222; x_wconf 59' lang='lat' dir='ltr'><strong>recurret}</strong></span> 
     </span>
     <span class='ocr_line' id='line_1_10' title="bbox 116 1216 1200 1301; baseline 0.002 -21"><span class='ocrx_word' id='word_1_75' title='bbox 116 1220 274 1295; x_wconf 74' lang='lat' dir='ltr'><strong><em>Negotium</em></strong></span> <span class='ocrx_word' id='word_1_76' title='bbox 291 1220 370 1301; x_wconf 76' lang='lat' dir='ltr'><strong>(neg.</strong></span> <span class='ocrx_word' id='word_1_77' title='bbox 382 1217 502 1298; x_wconf 76' lang='lat' dir='ltr'><em>forense</em></span> <span class='ocrx_word' id='word_1_78' title='bbox 517 1219 621 1294; x_wconf 80' lang='lat' dir='ltr'><strong>Quint.</strong></span> <span class='ocrx_word' id='word_1_79' title='bbox 635 1225 658 1295; x_wconf 92' lang='lat' dir='ltr'><strong>l,</strong></span> <span class='ocrx_word' id='word_1_80' title='bbox 678 1225 727 1296; x_wconf 96' lang='grc'><strong>12,</strong></span> <span class='ocrx_word' id='word_1_81' title='bbox 748 1216 791 1299; x_wconf 89' lang='grc'><strong>7.)</strong></span> <span class='ocrx_word' id='word_1_82' title='bbox 808 1218 827 1276; x_wconf 86' lang='grc' dir='ltr'><strong>ἰ.-</strong></span> <span class='ocrx_word' id='word_1_83' title='bbox 843 1239 870 1297; x_wconf 88' lang='lat' dir='ltr'><strong>q.</strong></span> <span class='ocrx_word' id='word_1_84' title='bbox 888 1239 972 1278; x_wconf 83' lang='lat' dir='ltr'><strong>eausa</strong></span> <span class='ocrx_word' id='word_1_85' title='bbox 990 1217 1139 1295; x_wconf 87' lang='lat' dir='ltr'><strong>lorensis,</strong></span> <span class='ocrx_word' id='word_1_86' title='bbox 1165 1220 1200 1283; x_wconf 79' lang='lat' dir='ltr'><strong>lie</strong></span> 
     </span>
     <span class='ocr_line' id='line_1_11' title="bbox 117 1298 1202 1381; baseline 0.001 -20"><span class='ocrx_word' id='word_1_87' title='bbox 117 1301 154 1361; x_wconf 76' lang='lat' dir='ltr'><strong>in&#39;</strong></span> <span class='ocrx_word' id='word_1_88' title='bbox 170 1301 239 1361; x_wconf 88' lang='lat' dir='ltr'><strong>soro</strong></span> <span class='ocrx_word' id='word_1_89' title='bbox 263 1301 462 1381; x_wconf 78' lang='lat' dir='ltr'><strong>disceptanda:</strong></span> <span class='ocrx_word' id='word_1_90' title='bbox 495 1300 599 1376; x_wconf 71' lang='lat' dir='ltr'><strong>Quint.</strong></span> <span class='ocrx_word' id='word_1_91' title='bbox 621 1305 671 1373; x_wconf 98' lang='grc' dir='ltr'><em>Ν,</em></span> <span class='ocrx_word' id='word_1_92' title='bbox 693 1308 724 1376; x_wconf 85' lang='grc'><strong>2,</strong></span> <span class='ocrx_word' id='word_1_93' title='bbox 745 1306 794 1360; x_wconf 89' lang='grc'><strong>27.</strong></span> <span class='ocrx_word' id='word_1_94' title='bbox 822 1304 828 1319; x_wconf 87' lang='grc'><strong><em>’</em></strong></span> <span class='ocrx_word' id='word_1_95' title='bbox 866 1303 904 1359; x_wconf 86' lang='lat' dir='ltr'><strong>&#39;us</strong></span> <span class='ocrx_word' id='word_1_96' title='bbox 928 1302 1038 1373; x_wconf 77' lang='lat' dir='ltr'><strong>negotii</strong></span> <span class='ocrx_word' id='word_1_97' title='bbox 1057 1298 1202 1379; x_wconf 68' lang='lat' dir='ltr'><strong>desemine</strong></span> 
     </span>
     <span class='ocr_line' id='line_1_12' title="bbox 117 1321 1203 1460; baseline 0.002 -18"><span class='ocrx_word' id='word_1_98' title='bbox 117 1382 159 1442; x_wconf 85' lang='lat' dir='ltr'><strong>il).</strong></span> <span class='ocrx_word' id='word_1_99' title='bbox 178 1387 242 1456; x_wconf 92' lang='lat' dir='ltr'><strong>Vll,</strong></span> <span class='ocrx_word' id='word_1_100' title='bbox 261 1383 292 1457; x_wconf 83' lang='lat'><strong>4,</strong></span> <span class='ocrx_word' id='word_1_101' title='bbox 315 1388 368 1442; x_wconf 76' lang='lat'><strong>35.</strong></span> <span class='ocrx_word' id='word_1_102' title='bbox 391 1385 508 1454; x_wconf 75' lang='lat' dir='ltr'><strong>negotia</strong></span> <span class='ocrx_word' id='word_1_103' title='bbox 527 1403 631 1456; x_wconf 72' lang='lat' dir='ltr'><strong>gerere</strong></span> <span class='ocrx_word' id='word_1_104' title='bbox 654 1387 683 1440; x_wconf 89' lang='lat' dir='ltr'><strong>in</strong></span> <span class='ocrx_word' id='word_1_105' title='bbox 698 1379 783 1460; x_wconf 87' lang='lat' dir='ltr'><strong>soro,</strong></span> <span class='ocrx_word' id='word_1_106' title='bbox 806 1321 871 1456; x_wconf 63' lang='lat' dir='ltr'><strong>illi,</strong></span> <span class='ocrx_word' id='word_1_107' title='bbox 895 1385 926 1456; x_wconf 85' lang='lat'><strong>9,</strong></span> <span class='ocrx_word' id='word_1_108' title='bbox 948 1387 977 1439; x_wconf 90' lang='grc'><strong>8.</strong></span> <span class='ocrx_word' id='word_1_109' title='bbox 998 1386 1119 1456; x_wconf 73' lang='lat' dir='ltr'><strong>negotia</strong></span> <span class='ocrx_word' id='word_1_110' title='bbox 1137 1405 1203 1444; x_wconf 77' lang='lat' dir='ltr'><strong>sus-</strong></span> 
     </span>
     <span class='ocr_line' id='line_1_13' title="bbox 120 1460 1208 1547; baseline 0 -23"><span class='ocrx_word' id='word_1_111' title='bbox 120 1467 225 1547; x_wconf 83' lang='lat' dir='ltr'><strong>cipere.</strong></span> <span class='ocrx_word' id='word_1_112' title='bbox 273 1466 435 1523; x_wconf 85' lang='lat' dir='ltr'><strong>Recurrere</strong></span> <span class='ocrx_word' id='word_1_113' title='bbox 466 1464 596 1544; x_wconf 86' lang='lat' dir='ltr'><strong>positum</strong></span> <span class='ocrx_word' id='word_1_114' title='bbox 626 1475 671 1523; x_wconf 88' lang='lat' dir='ltr'><strong>est</strong></span> <span class='ocrx_word' id='word_1_115' title='bbox 699 1461 914 1544; x_wconf 81' lang='lat' dir='ltr'><strong>significatione</strong></span> <span class='ocrx_word' id='word_1_116' title='bbox 938 1460 1021 1520; x_wconf 88' lang='lat' dir='ltr'><strong>verbi</strong></span> <span class='ocrx_word' id='word_1_117' title='bbox 1051 1463 1208 1544; x_wconf 83' lang='lat' dir='ltr'><strong>simplicis,-</strong></span> 
     </span>
     <span class='ocr_line' id='line_1_14' title="bbox 119 1542 1204 1626; baseline 0.002 -22"><span class='ocrx_word' id='word_1_118' title='bbox 119 1567 212 1626; x_wconf 85' lang='lat' dir='ltr'><strong>quum</strong></span> <span class='ocrx_word' id='word_1_119' title='bbox 231 1544 320 1605; x_wconf 84' lang='lat' dir='ltr'><strong>rerba</strong></span> <span class='ocrx_word' id='word_1_120' title='bbox 338 1567 403 1605; x_wconf 91' lang='lat' dir='ltr'><strong>cum</strong></span> <span class='ocrx_word' id='word_1_121' title='bbox 420 1546 454 1604; x_wconf 63' lang='lat' dir='ltr'><strong>He</strong></span> <span class='ocrx_word' id='word_1_122' title='bbox 470 1544 632 1625; x_wconf 85' lang='lat' dir='ltr'><strong>composita</strong></span> <span class='ocrx_word' id='word_1_123' title='bbox 654 1565 714 1603; x_wconf 91' lang='lat' dir='ltr'><strong>uon</strong></span> <span class='ocrx_word' id='word_1_124' title='bbox 730 1542 826 1602; x_wconf 87' lang='lat' dir='ltr'><strong>ubivis</strong></span> <span class='ocrx_word' id='word_1_125' title='bbox 844 1542 1029 1602; x_wconf 81' lang='lat' dir='ltr'><strong>iterationem</strong></span> <span class='ocrx_word' id='word_1_126' title='bbox 1049 1545 1204 1623; x_wconf 74' lang='lat' dir='ltr'>denotent,</span> 
     </span>
     <span class='ocr_line' id='line_1_15' title="bbox 119 1623 1205 1705; baseline -0.001 -19"><span class='ocrx_word' id='word_1_127' title='bbox 119 1637 156 1687; x_wconf 85' lang='lat' dir='ltr'><strong>ot</strong></span> <span class='ocrx_word' id='word_1_128' title='bbox 175 1627 283 1686; x_wconf 79' lang='lat' dir='ltr'>docent</span> <span class='ocrx_word' id='word_1_129' title='bbox 310 1627 408 1686; x_wconf 89' lang='lat' dir='ltr'><strong>Brem.</strong></span> <span class='ocrx_word' id='word_1_130' title='bbox 436 1626 472 1685; x_wconf 90' lang='lat' dir='ltr'><strong>ad</strong></span> <span class='ocrx_word' id='word_1_131' title='bbox 501 1624 592 1686; x_wconf 88' lang='lat' dir='ltr'><strong>Corn.</strong></span> <span class='ocrx_word' id='word_1_132' title='bbox 619 1627 664 1685; x_wconf 92' lang='lat' dir='ltr'><strong>Ne</strong></span> <span class='ocrx_word' id='word_1_133' title='bbox 686 1668 693 1682; x_wconf 89' lang='lat'><strong>.</strong></span> <span class='ocrx_word' id='word_1_134' title='bbox 713 1623 813 1705; x_wconf 82' lang='lat' dir='ltr'><strong>Pelop.</strong></span> <span class='ocrx_word' id='word_1_135' title='bbox 835 1629 878 1684; x_wconf 90' lang='grc'><strong>5..</strong></span> <span class='ocrx_word' id='word_1_136' title='bbox 901 1623 1019 1704; x_wconf 82' lang='lat' dir='ltr'><strong>Ruhnk.</strong></span> <span class='ocrx_word' id='word_1_137' title='bbox 1050 1625 1089 1684; x_wconf 88' lang='lat' dir='ltr'><strong>io</strong></span> <span class='ocrx_word' id='word_1_138' title='bbox 1105 1627 1205 1687; x_wconf 86' lang='lat' dir='ltr'><strong>Schol.</strong></span> 
     </span>
     <span class='ocr_line' id='line_1_16' title="bbox 121 1648 1206 1790; baseline 0 -21"><span class='ocrx_word' id='word_1_139' title='bbox 121 1708 158 1769; x_wconf 80' lang='lat' dir='ltr'><strong>ad</strong></span> <span class='ocrx_word' id='word_1_140' title='bbox 174 1708 262 1777; x_wconf 78' lang='lat' dir='ltr'><strong>suet.</strong></span> <span class='ocrx_word' id='word_1_141' title='bbox 277 1705 354 1790; x_wconf 79' lang='lat' dir='ltr'><strong>Aug.</strong></span> <span class='ocrx_word' id='word_1_142' title='bbox 379 1711 428 1768; x_wconf 82' lang='lat'><strong>42.</strong></span> <span class='ocrx_word' id='word_1_143' title='bbox 443 1705 445 1709; x_wconf 69' lang='grc'><strong>’</strong></span> <span class='ocrx_word' id='word_1_144' title='bbox 459 1706 542 1767; x_wconf 88' lang='lat' dir='ltr'><strong>Cort.</strong></span> <span class='ocrx_word' id='word_1_145' title='bbox 562 1708 598 1767; x_wconf 90' lang='lat' dir='ltr'><strong>ad</strong></span> <span class='ocrx_word' id='word_1_146' title='bbox 619 1648 687 1766; x_wconf 80' lang='lat' dir='ltr'><strong>Sall.</strong></span> <span class='ocrx_word' id='word_1_147' title='bbox 708 1709 770 1789; x_wconf 79' lang='lat' dir='ltr'><strong>lug.</strong></span> <span class='ocrx_word' id='word_1_148' title='bbox 785 1709 813 1766; x_wconf 90' lang='grc'><strong>4.</strong></span> <span class='ocrx_word' id='word_1_149' title='bbox 843 1703 949 1779; x_wconf 83' lang='lat' dir='ltr'><strong>Quint.</strong></span> <span class='ocrx_word' id='word_1_150' title='bbox 966 1709 988 1763; x_wconf 88' lang='lat' dir='ltr'><strong>l.</strong></span> <span class='ocrx_word' id='word_1_151' title='bbox 1009 1713 1206 1786; x_wconf 75' lang='lat' dir='ltr'><strong>prooemii.</strong></span> 
     </span>
     <span class='ocr_line' id='line_1_17' title="bbox 42 1788 1205 1871; baseline -0.001 -21"><span class='ocrx_word' id='word_1_152' title='bbox 42 1789 45 1794; x_wconf 77' lang='grc'><strong>’</strong></span> <span class='ocrx_word' id='word_1_153' title='bbox 121 1810 196 1861; x_wconf 86' lang='lat' dir='ltr'><strong>nune</strong></span> <span class='ocrx_word' id='word_1_154' title='bbox 215 1809 328 1847; x_wconf 85' lang='lat' dir='ltr'><strong>necesse</strong></span> <span class='ocrx_word' id='word_1_155' title='bbox 354 1799 398 1849; x_wconf 88' lang='lat' dir='ltr'><strong>est</strong></span> <span class='ocrx_word' id='word_1_156' title='bbox 417 1788 460 1848; x_wconf 86' lang='lat' dir='ltr'><strong>od</strong></span> <span class='ocrx_word' id='word_1_157' title='bbox 479 1811 527 1850; x_wconf 84' lang='lat' dir='ltr'><strong>eos</strong></span> <span class='ocrx_word' id='word_1_158' title='bbox 545 1788 702 1871; x_wconf 81' lang='lat' dir='ltr'><strong>aliquando</strong></span> <span class='ocrx_word' id='word_1_159' title='bbox 726 1797 858 1847; x_wconf 76' lang='lat' dir='ltr'><strong>auctores</strong></span> <span class='ocrx_word' id='word_1_160' title='bbox 876 1806 1034 1846; x_wconf 86' lang='lat' dir='ltr'><strong>recurrere.</strong></span> <span class='ocrx_word' id='word_1_161' title='bbox 1054 1793 1079 1864; x_wconf 85' lang='lat' dir='ltr'><strong>l,</strong></span> <span class='ocrx_word' id='word_1_162' title='bbox 1102 1796 1133 1864; x_wconf 85' lang='grc'><em>6,</em></span> <span class='ocrx_word' id='word_1_163' title='bbox 1158 1795 1205 1852; x_wconf 77' lang='lat' dir='ltr'><strong>ld.</strong></span> 
     </span>
     <span class='ocr_line' id='line_1_18' title="bbox 121 1868 1207 1953; baseline 0.001 -22"><span class='ocrx_word' id='word_1_164' title='bbox 121 1871 289 1931; x_wconf 84' lang='lat' dir='ltr'><strong>Praetereo</strong></span> <span class='ocrx_word' id='word_1_165' title='bbox 315 1874 451 1953; x_wconf 84' lang='lat' dir='ltr'><strong>qnoniam</strong></span> <span class='ocrx_word' id='word_1_166' title='bbox 478 1883 629 1952; x_wconf 80' lang='lat' dir='ltr'><strong>utrumque</strong></span> <span class='ocrx_word' id='word_1_167' title='bbox 655 1891 677 1929; x_wconf 86' lang='grc' dir='ltr'><em>α</em></span> <span class='ocrx_word' id='word_1_168' title='bbox 699 1869 813 1930; x_wconf 83' lang='lat' dir='ltr'><strong>Graeco</strong></span> <span class='ocrx_word' id='word_1_169' title='bbox 842 1868 956 1930; x_wconf 87' lang='lat' dir='ltr'><strong>ductum</strong></span> <span class='ocrx_word' id='word_1_170' title='bbox 985 1872 1047 1947; x_wconf 85' lang='lat' dir='ltr'><strong>sit,</strong></span> <span class='ocrx_word' id='word_1_171' title='bbox 1075 1871 1121 1930; x_wconf 86' lang='lat' dir='ltr'><strong>nd</strong></span> <span class='ocrx_word' id='word_1_172' title='bbox 1140 1890 1207 1932; x_wconf 80' lang='lat' dir='ltr'><strong>eom</strong></span> 
     </span>
     <span class='ocr_line' id='line_1_19' title="bbox 122 1956 1116 2021; baseline 0 -10"><span class='ocrx_word' id='word_1_173' title='bbox 122 1956 268 2013; x_wconf 84' lang='lat' dir='ltr'><strong>rationem</strong></span> <span class='ocrx_word' id='word_1_174' title='bbox 288 1961 447 2011; x_wconf 86' lang='lat' dir='ltr'><strong>recurrunt.</strong></span> <span class='ocrx_word' id='word_1_175' title='bbox 682 1971 684 1976; x_wconf 89' lang='lat'><em>·</em></span> <span class='ocrx_word' id='word_1_176' title='bbox 878 2008 884 2021; x_wconf 72' lang='grc'><em>,</em></span> <span class='ocrx_word' id='word_1_177' title='bbox 1111 1998 1116 2011; x_wconf 78' lang='grc'><strong>.</strong></span> 
     </span>
    </p>

    <p class='ocr_par' dir='ltr' id='par_1_4' title="bbox 123 2027 1211 2361">
     <span class='ocr_line' id='line_1_20' title="bbox 205 2027 1209 2170; baseline 0.006 -79"><span class='ocrx_word' id='word_1_178' title='bbox 205 2034 238 2091; x_wconf 82' lang='lat' dir='ltr'><strong>hi</strong></span> <span class='ocrx_word' id='word_1_179' title='bbox 257 2037 333 2090; x_wconf 83' lang='lat' dir='ltr'><strong>enim</strong></span> <span class='ocrx_word' id='word_1_180' title='bbox 352 2033 448 2092; x_wconf 84' lang='lat' dir='ltr'><strong>Besso</strong></span> <span class='ocrx_word' id='word_1_181' title='bbox 477 2031 557 2091; x_wconf 86' lang='lat' dir='ltr'><strong>domi</strong></span> <span class='ocrx_word' id='word_1_182' title='bbox 580 2027 754 2170; x_wconf 43' lang='lat' dir='ltr'><strong>noscuntur}</strong></span> <span class='ocrx_word' id='word_1_183' title='bbox 792 2031 884 2092; x_wconf 88' lang='lat' dir='ltr'><strong>Domi</strong></span> <span class='ocrx_word' id='word_1_184' title='bbox 904 2034 989 2091; x_wconf 81' lang='lat' dir='ltr'><strong>nasci</strong></span> <span class='ocrx_word' id='word_1_185' title='bbox 1007 2042 1054 2092; x_wconf 85' lang='lat' dir='ltr'><strong>est</strong></span> <span class='ocrx_word' id='word_1_186' title='bbox 1081 2033 1209 2097; x_wconf 79' lang='lat' dir='ltr'><strong>formula</strong></span> 
     </span>
     <span class='ocr_line' id='line_1_21' title="bbox 123 2111 1208 2194; baseline 0.005 -22"><span class='ocrx_word' id='word_1_187' title='bbox 123 2111 335 2194; x_wconf 80' lang='lat' dir='ltr'><strong>proverbialis,</strong></span> <span class='ocrx_word' id='word_1_188' title='bbox 363 2111 411 2173; x_wconf 89' lang='lat' dir='ltr'><strong>cui</strong></span> <span class='ocrx_word' id='word_1_189' title='bbox 435 2112 596 2192; x_wconf 82' lang='lat' dir='ltr'><strong>respondet</strong></span> <span class='ocrx_word' id='word_1_190' title='bbox 623 2113 702 2171; x_wconf 86' lang='lat' dir='ltr'><strong>domi</strong></span> <span class='ocrx_word' id='word_1_191' title='bbox 751 2113 855 2187; x_wconf 84' lang='lat' dir='ltr'><strong>abere,</strong></span> <span class='ocrx_word' id='word_1_192' title='bbox 884 2111 1074 2194; x_wconf 86' lang='lat' dir='ltr'><strong>intelligenda</strong></span> <span class='ocrx_word' id='word_1_193' title='bbox 1095 2115 1132 2176; x_wconf 90' lang='lat' dir='ltr'><strong>de</strong></span> <span class='ocrx_word' id='word_1_194' title='bbox 1159 2116 1208 2194; x_wconf 81' lang='lat' dir='ltr'><strong>iis,</strong></span> 
     </span>
     <span class='ocr_line' id='line_1_22' title="bbox 125 2193 1211 2279; baseline 0.006 -26"><span class='ocrx_word' id='word_1_195' title='bbox 125 2215 199 2276; x_wconf 82' lang='lat' dir='ltr'><strong>quae</strong></span> <span class='ocrx_word' id='word_1_196' title='bbox 219 2193 305 2252; x_wconf 89' lang='lat' dir='ltr'><strong>nobis</strong></span> <span class='ocrx_word' id='word_1_197' title='bbox 328 2214 390 2252; x_wconf 94' lang='lat' dir='ltr'><strong>non</strong></span> <span class='ocrx_word' id='word_1_198' title='bbox 418 2193 533 2252; x_wconf 85' lang='lat' dir='ltr'><strong>aliunde</strong></span> <span class='ocrx_word' id='word_1_199' title='bbox 554 2193 724 2252; x_wconf 85' lang='lat' dir='ltr'><strong>arcessenda</strong></span> <span class='ocrx_word' id='word_1_200' title='bbox 746 2195 831 2253; x_wconf 86' lang='lat' dir='ltr'><strong>etad</strong></span> <span class='ocrx_word' id='word_1_201' title='bbox 861 2215 934 2273; x_wconf 88' lang='lat' dir='ltr'><strong>quae</strong></span> <span class='ocrx_word' id='word_1_202' title='bbox 956 2194 1081 2255; x_wconf 89' lang='lat' dir='ltr'><strong>aliorum</strong></span> <span class='ocrx_word' id='word_1_203' title='bbox 1102 2217 1160 2279; x_wconf 86' lang='lat' dir='ltr'><strong>ope</strong></span> <span class='ocrx_word' id='word_1_204' title='bbox 1179 2208 1211 2259; x_wconf 78' lang='lat' dir='ltr'><strong>et</strong></span> 
     </span>
     <span class='ocr_line' id='line_1_23' title="bbox 125 2271 1209 2361; baseline -0.002 -25"><span class='ocrx_word' id='word_1_205' title='bbox 125 2274 234 2336; x_wconf 86' lang='lat' dir='ltr'><strong>auxilio</strong></span> <span class='ocrx_word' id='word_1_206' title='bbox 255 2295 315 2333; x_wconf 93' lang='lat' dir='ltr'><strong>non</strong></span> <span class='ocrx_word' id='word_1_207' title='bbox 336 2274 509 2356; x_wconf 77' lang='lat' dir='ltr'><strong>indigemus.</strong></span> <span class='ocrx_word' id='word_1_208' title='bbox 540 2271 602 2334; x_wconf 88' lang='lat' dir='ltr'><strong>Cic.</strong></span> <span class='ocrx_word' id='word_1_209' title='bbox 621 2273 710 2333; x_wconf 86' lang='lat' dir='ltr'><strong>Aead.</strong></span> <span class='ocrx_word' id='word_1_210' title='bbox 728 2278 767 2350; x_wconf 89' lang='lat'><strong>11,</strong></span> <span class='ocrx_word' id='word_1_211' title='bbox 787 2280 837 2334; x_wconf 83' lang='lat'><strong>25.</strong></span> <span class='ocrx_word' id='word_1_212' title='bbox 863 2275 917 2334; x_wconf 89' lang='lat' dir='ltr'><strong>sed</strong></span> <span class='ocrx_word' id='word_1_213' title='bbox 944 2275 1060 2351; x_wconf 85' lang='lat' dir='ltr'><strong>desine,</strong></span> <span class='ocrx_word' id='word_1_214' title='bbox 1079 2298 1209 2361; x_wconf 55' lang='lat' dir='ltr'><strong>owse,</strong></span> 
     </span>
    </p>
   </div>
   <div class='ocr_carea' id='block_1_4' title="bbox 6 2355 1212 2438">
    <p class='ocr_par' dir='ltr' id='par_1_5' title="bbox 6 2355 1212 2438">
     <span class='ocr_line' id='line_1_24' title="bbox 6 2355 1212 2438; baseline 0.003 -22"><span class='ocrx_word' id='word_1_215' title='bbox 6 2359 8 2364; x_wconf 72' lang='grc'>’</span> <span class='ocrx_word' id='word_1_216' title='bbox 125 2357 322 2417; x_wconf 82' lang='lat' dir='ltr'><strong>communibus</strong></span> <span class='ocrx_word' id='word_1_217' title='bbox 341 2357 425 2425; x_wconf 72' lang='lat' dir='ltr'><strong>loeis:</strong></span> <span class='ocrx_word' id='word_1_218' title='bbox 457 2355 537 2415; x_wconf 85' lang='lat' dir='ltr'><strong>domi</strong></span> <span class='ocrx_word' id='word_1_219' title='bbox 562 2355 643 2414; x_wconf 81' lang='lat' dir='ltr'><strong>nodis</strong></span> <span class='ocrx_word' id='word_1_220' title='bbox 669 2358 729 2414; x_wconf 85' lang='lat' dir='ltr'><strong>isto</strong></span> <span class='ocrx_word' id='word_1_221' title='bbox 749 2367 914 2417; x_wconf 73' lang='lat' dir='ltr'><strong>noscitetur.</strong></span> <span class='ocrx_word' id='word_1_222' title='bbox 952 2357 1025 2438; x_wconf 89' lang='lat' dir='ltr'><strong>Epp.</strong></span> <span class='ocrx_word' id='word_1_223' title='bbox 1046 2358 1087 2417; x_wconf 55' lang='lat' dir='ltr'><strong>adv</strong></span> <span class='ocrx_word' id='word_1_224' title='bbox 1102 2362 1212 2419; x_wconf 76' lang='lat' dir='ltr'><strong>Fanum.</strong></span> 
     </span>
    </p>
   </div>
   <div class='ocr_carea' id='block_1_5' title="bbox 51 2424 1225 4228">
    <p class='ocr_par' dir='ltr' id='par_1_6' title="bbox 51 2424 1225 4228">
     <span class='ocr_line' id='line_1_25' title="bbox 127 2424 1215 2518; baseline 0.008 -24"><span class='ocrx_word' id='word_1_225' title='bbox 127 2441 178 2513; x_wconf 87' lang='lat' dir='ltr'><strong>IX,</strong></span> <span class='ocrx_word' id='word_1_226' title='bbox 200 2445 230 2498; x_wconf 83' lang='lat'><strong>3.</strong></span> <span class='ocrx_word' id='word_1_227' title='bbox 260 2424 314 2496; x_wconf 74' lang='lat' dir='ltr'><strong>sed</strong></span> <span class='ocrx_word' id='word_1_228' title='bbox 333 2437 404 2518; x_wconf 83' lang='lat' dir='ltr'><strong>quid</strong></span> <span class='ocrx_word' id='word_1_229' title='bbox 429 2457 481 2511; x_wconf 74' lang='lat' dir='ltr'><strong>ego</strong></span> <span class='ocrx_word' id='word_1_230' title='bbox 509 2458 582 2496; x_wconf 86' lang='lat' dir='ltr'><strong>nunc</strong></span> <span class='ocrx_word' id='word_1_231' title='bbox 601 2438 674 2496; x_wconf 80' lang='lat' dir='ltr'><strong>ltnec</strong></span> <span class='ocrx_word' id='word_1_232' title='bbox 701 2437 743 2496; x_wconf 84' lang='lat' dir='ltr'><strong>nd</strong></span> <span class='ocrx_word' id='word_1_233' title='bbox 763 2448 807 2512; x_wconf 86' lang='lat' dir='ltr'><strong>te,</strong></span> <span class='ocrx_word' id='word_1_234' title='bbox 834 2441 914 2496; x_wconf 76' lang='lat' dir='ltr'><strong>euius</strong></span> <span class='ocrx_word' id='word_1_235' title='bbox 934 2437 1014 2498; x_wconf 85' lang='lat' dir='ltr'><strong>domi</strong></span> <span class='ocrx_word' id='word_1_236' title='bbox 1031 2441 1215 2503; x_wconf 74' lang='lat' dir='ltr'><strong>noscuntur?</strong></span> 
     </span>
     <span class='ocr_line' id='line_1_26' title="bbox 127 2518 1212 2605; baseline 0.006 -27"><span class='ocrx_word' id='word_1_237' title='bbox 127 2520 248 2578; x_wconf 88' lang='lat' dir='ltr'><strong>Terent.</strong></span> <span class='ocrx_word' id='word_1_238' title='bbox 276 2518 389 2599; x_wconf 87' lang='lat' dir='ltr'><strong>Adeph.</strong></span> <span class='ocrx_word' id='word_1_239' title='bbox 408 2523 458 2593; x_wconf 91' lang='lat' dir='ltr'><strong>lll,</strong></span> <span class='ocrx_word' id='word_1_240' title='bbox 481 2523 510 2591; x_wconf 85' lang='lat'><strong>3,</strong></span> <span class='ocrx_word' id='word_1_241' title='bbox 539 2522 588 2577; x_wconf 82' lang='lat'><strong>59.</strong></span> <span class='ocrx_word' id='word_1_242' title='bbox 637 2519 728 2577; x_wconf 88' lang='lat' dir='ltr'><strong>llomi</strong></span> <span class='ocrx_word' id='word_1_243' title='bbox 753 2519 873 2594; x_wconf 80' lang='lat' dir='ltr'><strong>habuit,</strong></span> <span class='ocrx_word' id='word_1_244' title='bbox 902 2519 977 2578; x_wconf 88' lang='lat' dir='ltr'><strong>unde</strong></span> <span class='ocrx_word' id='word_1_245' title='bbox 998 2520 1123 2583; x_wconf 81' lang='lat' dir='ltr'><strong>disceret</strong></span> <span class='ocrx_word' id='word_1_246' title='bbox 1141 2523 1212 2605; x_wconf 87' lang='lat' dir='ltr'><strong>ibiq.</strong></span> 
     </span>
     <span class='ocr_line' id='line_1_27' title="bbox 106 2597 1071 2681; baseline -0.002 -19"><span class='ocrx_word' id='word_1_247' title='bbox 106 2599 247 2667; x_wconf 72' lang='lat' dir='ltr'><strong>,Ruhnlo</strong></span> <span class='ocrx_word' id='word_1_248' title='bbox 267 2599 344 2660; x_wconf 87' lang='lat' dir='ltr'><strong>Dict.</strong></span> <span class='ocrx_word' id='word_1_249' title='bbox 366 2622 394 2681; x_wconf 89' lang='lat' dir='ltr'><strong>p.</strong></span> <span class='ocrx_word' id='word_1_250' title='bbox 418 2605 486 2660; x_wconf 80' lang='lat'><strong>193.</strong></span> <span class='ocrx_word' id='word_1_251' title='bbox 509 2597 656 2659; x_wconf 88' lang='lat' dir='ltr'><strong>Eckstein.</strong></span> <span class='ocrx_word' id='word_1_252' title='bbox 678 2599 763 2670; x_wconf 88' lang='lat' dir='ltr'><strong>adh.</strong></span> <span class='ocrx_word' id='word_1_253' title='bbox 784 2599 802 2657; x_wconf 92' lang='lat' dir='ltr'><strong>l.</strong></span> <span class='ocrx_word' id='word_1_254' title='bbox 823 2599 854 2658; x_wconf 90' lang='lat' dir='ltr'><strong>in</strong></span> <span class='ocrx_word' id='word_1_255' title='bbox 878 2600 932 2659; x_wconf 83' lang='lat' dir='ltr'><strong>Ed.</strong></span> <span class='ocrx_word' id='word_1_256' title='bbox 953 2600 1071 2673; x_wconf 75' lang='lat' dir='ltr'><strong>Walth,</strong></span> 
     </span>
     <span class='ocr_line' id='line_1_28' title="bbox 211 2677 1213 2761; baseline 0.009 -21"><span class='ocrx_word' id='word_1_257' title='bbox 211 2679 346 2761; x_wconf 74' lang='lat' dir='ltr'><strong>excudit]</strong></span> <span class='ocrx_word' id='word_1_258' title='bbox 375 2678 448 2741; x_wconf 87' lang='lat' dir='ltr'><strong>Cod.</strong></span> <span class='ocrx_word' id='word_1_259' title='bbox 478 2681 564 2739; x_wconf 85' lang='lat' dir='ltr'><strong>Farn.</strong></span> <span class='ocrx_word' id='word_1_260' title='bbox 592 2677 707 2740; x_wconf 91' lang='lat' dir='ltr'><strong>Pithoe.</strong></span> <span class='ocrx_word' id='word_1_261' title='bbox 735 2681 839 2740; x_wconf 88' lang='lat' dir='ltr'><strong>Heum.</strong></span> <span class='ocrx_word' id='word_1_262' title='bbox 871 2680 965 2740; x_wconf 89' lang='lat' dir='ltr'><strong>Orell.</strong></span> <span class='ocrx_word' id='word_1_263' title='bbox 993 2682 1083 2743; x_wconf 81' lang='lat' dir='ltr'><strong>Beklt.</strong></span> <span class='ocrx_word' id='word_1_264' title='bbox 1112 2686 1213 2749; x_wconf 79' lang='lat' dir='ltr'><strong>Boett-</strong></span> 
     </span>
     <span class='ocr_line' id='line_1_29' title="bbox 128 2758 1210 2842; baseline 0.006 -20"><span class='ocrx_word' id='word_1_265' title='bbox 128 2764 208 2842; x_wconf 81' lang='lat' dir='ltr'><strong>ttup.</strong></span> <span class='ocrx_word' id='word_1_266' title='bbox 230 2761 347 2821; x_wconf 80' lang='lat' dir='ltr'><strong>Waltlr.</strong></span> <span class='ocrx_word' id='word_1_267' title='bbox 370 2762 444 2820; x_wconf 86' lang='lat' dir='ltr'><strong>Ritt.</strong></span> <span class='ocrx_word' id='word_1_268' title='bbox 471 2761 558 2819; x_wconf 83' lang='lat' dir='ltr'><strong>Baeh.</strong></span> <span class='ocrx_word' id='word_1_269' title='bbox 582 2762 688 2820; x_wconf 73' lang='lat' dir='ltr'><strong>extulit</strong></span> <span class='ocrx_word' id='word_1_270' title='bbox 708 2758 801 2820; x_wconf 89' lang='lat' dir='ltr'><strong>Codd</strong></span> <span class='ocrx_word' id='word_1_271' title='bbox 823 2763 888 2822; x_wconf 88' lang='lat' dir='ltr'><strong>Par.</strong></span> <span class='ocrx_word' id='word_1_272' title='bbox 918 2763 1004 2823; x_wconf 84' lang='lat' dir='ltr'><strong>Vind.</strong></span> <span class='ocrx_word' id='word_1_273' title='bbox 1032 2777 1105 2829; x_wconf 78' lang='lat' dir='ltr'><strong>vett.</strong></span> <span class='ocrx_word' id='word_1_274' title='bbox 1134 2768 1210 2831; x_wconf 84' lang='lat' dir='ltr'><strong>Edd.</strong></span> 
     </span>
     <span class='ocr_line' id='line_1_30' title="bbox 131 2840 1215 2927; baseline 0.008 -26"><span class='ocrx_word' id='word_1_275' title='bbox 131 2843 247 2902; x_wconf 76' lang='lat' dir='ltr'><strong>extudit</strong></span> <span class='ocrx_word' id='word_1_276' title='bbox 267 2862 303 2900; x_wconf 85' lang='lat' dir='ltr'><strong>ex</strong></span> <span class='ocrx_word' id='word_1_277' title='bbox 330 2841 441 2900; x_wconf 89' lang='lat' dir='ltr'><strong>emend.</strong></span> <span class='ocrx_word' id='word_1_278' title='bbox 463 2840 544 2920; x_wconf 85' lang='lat' dir='ltr'><strong>Lips.</strong></span> <span class='ocrx_word' id='word_1_279' title='bbox 571 2851 639 2899; x_wconf 87' lang='lat' dir='ltr'><strong>cett.</strong></span> <span class='ocrx_word' id='word_1_280' title='bbox 661 2841 733 2900; x_wconf 88' lang='lat' dir='ltr'><strong>Edd.</strong></span> <span class='ocrx_word' id='word_1_281' title='bbox 753 2841 893 2902; x_wconf 84' lang='lat' dir='ltr'><strong>Doederl.</strong></span> <span class='ocrx_word' id='word_1_282' title='bbox 913 2842 976 2903; x_wconf 89' lang='lat' dir='ltr'><strong>Lat.</strong></span> <span class='ocrx_word' id='word_1_283' title='bbox 1005 2845 1078 2927; x_wconf 87' lang='lat' dir='ltr'><strong>Syn.</strong></span> <span class='ocrx_word' id='word_1_284' title='bbox 1098 2848 1215 2909; x_wconf 71' lang='lat' dir='ltr'><strong>volt</strong></span> 
     </span>
     <span class='ocr_line' id='line_1_31' title="bbox 131 2920 1215 3006; baseline 0.012 -26"><span class='ocrx_word' id='word_1_285' title='bbox 131 2945 161 3003; x_wconf 88' lang='lat' dir='ltr'><strong>p.</strong></span> <span class='ocrx_word' id='word_1_286' title='bbox 185 2927 271 2998; x_wconf 90' lang='grc'><strong>126.,</strong></span> <span class='ocrx_word' id='word_1_287' title='bbox 293 2922 373 3000; x_wconf 89' lang='lat' dir='ltr'><strong>quod</strong></span> <span class='ocrx_word' id='word_1_288' title='bbox 394 2933 429 2980; x_wconf 91' lang='lat' dir='ltr'><strong>ut</strong></span> <span class='ocrx_word' id='word_1_289' title='bbox 448 2920 597 3001; x_wconf 78' lang='lat' dir='ltr'><strong>Spalding.</strong></span> <span class='ocrx_word' id='word_1_290' title='bbox 618 2920 654 2980; x_wconf 87' lang='lat' dir='ltr'><strong>ad</strong></span> <span class='ocrx_word' id='word_1_291' title='bbox 674 2922 778 2996; x_wconf 85' lang='lat' dir='ltr'><strong>Quint.</strong></span> <span class='ocrx_word' id='word_1_292' title='bbox 800 2927 823 2997; x_wconf 93' lang='lat' dir='ltr'><strong>l,</strong></span> <span class='ocrx_word' id='word_1_293' title='bbox 847 2929 878 2997; x_wconf 85' lang='grc'><em>3,</em></span> <span class='ocrx_word' id='word_1_294' title='bbox 903 2928 930 2982; x_wconf 90' lang='grc'><strong>6.</strong></span> <span class='ocrx_word' id='word_1_295' title='bbox 952 2926 1093 3006; x_wconf 76' lang='lat' dir='ltr'><strong>explieat,</strong></span> <span class='ocrx_word' id='word_1_296' title='bbox 1115 2941 1215 2992; x_wconf 81' lang='lat' dir='ltr'><strong>trane·</strong></span> 
     </span>
     <span class='ocr_line' id='line_1_32' title="bbox 131 3001 1217 3085; baseline 0.011 -23"><span class='ocrx_word' id='word_1_297' title='bbox 131 3003 265 3064; x_wconf 81' lang='lat' dir='ltr'><strong>fertura</strong></span> <span class='ocrx_word' id='word_1_298' title='bbox 294 3003 462 3082; x_wconf 87' lang='lat' dir='ltr'><strong>sculptore,</strong></span> <span class='ocrx_word' id='word_1_299' title='bbox 492 3001 543 3081; x_wconf 91' lang='lat' dir='ltr'><strong>qui</strong></span> <span class='ocrx_word' id='word_1_300' title='bbox 569 3001 730 3063; x_wconf 84' lang='lat' dir='ltr'><strong>innumeris</strong></span> <span class='ocrx_word' id='word_1_301' title='bbox 762 3001 867 3085; x_wconf 86' lang='lat' dir='ltr'><strong>scalpri</strong></span> <span class='ocrx_word' id='word_1_302' title='bbox 886 3003 992 3067; x_wconf 87' lang='lat' dir='ltr'><strong>ictibus</strong></span> <span class='ocrx_word' id='word_1_303' title='bbox 1015 3009 1121 3071; x_wconf 86' lang='lat' dir='ltr'><strong>erudi</strong></span> <span class='ocrx_word' id='word_1_304' title='bbox 1138 3033 1217 3073; x_wconf 75' lang='lat' dir='ltr'><strong>mar-</strong></span> 
     </span>
     <span class='ocr_line' id='line_1_33' title="bbox 131 3080 1216 3171; baseline 0.01 -27"><span class='ocrx_word' id='word_1_305' title='bbox 131 3105 216 3144; x_wconf 91' lang='lat' dir='ltr'><strong>more</strong></span> <span class='ocrx_word' id='word_1_306' title='bbox 245 3085 331 3144; x_wconf 90' lang='lat' dir='ltr'><strong>deum</strong></span> <span class='ocrx_word' id='word_1_307' title='bbox 360 3084 484 3163; x_wconf 86' lang='lat' dir='ltr'><strong>aliquem</strong></span> <span class='ocrx_word' id='word_1_308' title='bbox 513 3080 647 3164; x_wconf 78' lang='lat' dir='ltr'><strong>effingit,</strong></span> <span class='ocrx_word' id='word_1_309' title='bbox 674 3083 756 3143; x_wconf 89' lang='lat' dir='ltr'><strong>velut</strong></span> <span class='ocrx_word' id='word_1_310' title='bbox 778 3085 858 3168; x_wconf 83' lang='lat' dir='ltr'><strong>Virg.</strong></span> <span class='ocrx_word' id='word_1_311' title='bbox 883 3084 1133 3171; x_wconf 78' lang='lat' dir='ltr'><strong>Georg.l,133.</strong></span> <span class='ocrx_word' id='word_1_312' title='bbox 1175 3093 1216 3155; x_wconf 80' lang='lat' dir='ltr'><strong>Ut</strong></span> 
     </span>
     <span class='ocr_line' id='line_1_34' title="bbox 134 3164 1218 3251; baseline 0.009 -25"><span class='ocrx_word' id='word_1_313' title='bbox 134 3170 234 3226; x_wconf 73' lang='lat' dir='ltr'><strong>our-ins</strong></span> <span class='ocrx_word' id='word_1_314' title='bbox 261 3187 329 3226; x_wconf 87' lang='lat' dir='ltr'><strong>usus</strong></span> <span class='ocrx_word' id='word_1_315' title='bbox 350 3164 518 3225; x_wconf 84' lang='lat' dir='ltr'><strong>meditando</strong></span> <span class='ocrx_word' id='word_1_316' title='bbox 539 3165 713 3224; x_wconf 77' lang='lat' dir='ltr'><strong>extunderet</strong></span> <span class='ocrx_word' id='word_1_317' title='bbox 735 3176 824 3227; x_wconf 85' lang='lat' dir='ltr'><strong>artes.</strong></span> <span class='ocrx_word' id='word_1_318' title='bbox 853 3171 905 3242; x_wconf 90' lang='grc' dir='ltr'><em>Ν,</em></span> <span class='ocrx_word' id='word_1_319' title='bbox 927 3174 996 3230; x_wconf 86' lang='grc'><strong>315.</strong></span> <span class='ocrx_word' id='word_1_320' title='bbox 1039 3171 1115 3251; x_wconf 83' lang='lat' dir='ltr'><strong>Quis</strong></span> <span class='ocrx_word' id='word_1_321' title='bbox 1133 3171 1218 3236; x_wconf 79' lang='lat' dir='ltr'><strong>Deus</strong></span> 
     </span>
     <span class='ocr_line' id='line_1_35' title="bbox 133 3247 1218 3336; baseline 0.006 -28"><span class='ocrx_word' id='word_1_322' title='bbox 133 3248 227 3320; x_wconf 73' lang='lat' dir='ltr'><strong>hanc,</strong></span> <span class='ocrx_word' id='word_1_323' title='bbox 248 3249 372 3320; x_wconf 80' lang='lat' dir='ltr'><strong>Musae,</strong></span> <span class='ocrx_word' id='word_1_324' title='bbox 393 3251 455 3329; x_wconf 86' lang='lat' dir='ltr'><strong>quis</strong></span> <span class='ocrx_word' id='word_1_325' title='bbox 470 3247 551 3308; x_wconf 81' lang='lat' dir='ltr'><strong>nobis</strong></span> <span class='ocrx_word' id='word_1_326' title='bbox 565 3247 681 3306; x_wconf 77' lang='lat' dir='ltr'><strong>extudit</strong></span> <span class='ocrx_word' id='word_1_327' title='bbox 697 3248 816 3308; x_wconf 84' lang='lat' dir='ltr'><strong>ortem?</strong></span> <span class='ocrx_word' id='word_1_328' title='bbox 857 3247 1013 3311; x_wconf 75' lang='lat' dir='ltr'><strong>Emendere</strong></span> <span class='ocrx_word' id='word_1_329' title='bbox 1029 3252 1218 3336; x_wconf 85' lang='lat' dir='ltr'><strong>desumptum</strong></span> 
     </span>
     <span class='ocr_line' id='line_1_36' title="bbox 134 3326 1218 3407; baseline 0.012 -20"><span class='ocrx_word' id='word_1_330' title='bbox 134 3339 181 3387; x_wconf 85' lang='lat' dir='ltr'><strong>est</strong></span> <span class='ocrx_word' id='word_1_331' title='bbox 202 3326 236 3386; x_wconf 90' lang='lat' dir='ltr'><strong>ab</strong></span> <span class='ocrx_word' id='word_1_332' title='bbox 263 3326 442 3399; x_wconf 85' lang='lat' dir='ltr'><strong>artificibus,</strong></span> <span class='ocrx_word' id='word_1_333' title='bbox 472 3328 523 3407; x_wconf 87' lang='lat' dir='ltr'><strong>qui</strong></span> <span class='ocrx_word' id='word_1_334' title='bbox 543 3328 665 3387; x_wconf 84' lang='lat' dir='ltr'><strong>metallis</strong></span> <span class='ocrx_word' id='word_1_335' title='bbox 687 3340 738 3387; x_wconf 86' lang='lat' dir='ltr'><strong>ant</strong></span> <span class='ocrx_word' id='word_1_336' title='bbox 764 3327 920 3390; x_wconf 86' lang='lat' dir='ltr'><strong>fundendis</strong></span> <span class='ocrx_word' id='word_1_337' title='bbox 942 3344 992 3393; x_wconf 86' lang='lat' dir='ltr'><strong>aut</strong></span> <span class='ocrx_word' id='word_1_338' title='bbox 1013 3334 1155 3399; x_wconf 79' lang='lat' dir='ltr'><strong>cudendis</strong></span> <span class='ocrx_word' id='word_1_339' title='bbox 1174 3335 1218 3399; x_wconf 80' lang='lat' dir='ltr'><strong>ei·</strong></span> 
     </span>
     <span class='ocr_line' id='line_1_37' title="bbox 135 3407 1218 3498; baseline 0.007 -30"><span class='ocrx_word' id='word_1_340' title='bbox 135 3407 262 3468; x_wconf 88' lang='lat' dir='ltr'><strong>mulaera</strong></span> <span class='ocrx_word' id='word_1_341' title='bbox 288 3409 414 3487; x_wconf 86' lang='lat' dir='ltr'><strong>aliasque</strong></span> <span class='ocrx_word' id='word_1_342' title='bbox 436 3408 545 3490; x_wconf 81' lang='lat' dir='ltr'><strong>figuras</strong></span> <span class='ocrx_word' id='word_1_343' title='bbox 574 3420 603 3469; x_wconf 84' lang='lat' dir='ltr'><strong>et</strong></span> <span class='ocrx_word' id='word_1_344' title='bbox 628 3408 821 3469; x_wconf 87' lang='lat' dir='ltr'><strong>instrumenta</strong></span> <span class='ocrx_word' id='word_1_345' title='bbox 849 3409 1003 3494; x_wconf 80' lang='lat' dir='ltr'><strong>effingunt.</strong></span> <span class='ocrx_word' id='word_1_346' title='bbox 1038 3414 1123 3498; x_wconf 82' lang='lat' dir='ltr'><strong>Virg.</strong></span> <span class='ocrx_word' id='word_1_347' title='bbox 1142 3420 1218 3479; x_wconf 84' lang='lat' dir='ltr'><strong>Aen.</strong></span> 
     </span>
     <span class='ocr_line' id='line_1_38' title="bbox 136 3488 1218 3577; baseline 0.006 -29"><span class='ocrx_word' id='word_1_348' title='bbox 136 3493 188 3563; x_wconf 89' lang='lat' dir='ltr'><strong>Vl,</strong></span> <span class='ocrx_word' id='word_1_349' title='bbox 216 3491 285 3548; x_wconf 83' lang='grc'><strong>848.</strong></span> <span class='ocrx_word' id='word_1_350' title='bbox 326 3488 480 3549; x_wconf 79' lang='lat' dir='ltr'><strong>Excudent</strong></span> <span class='ocrx_word' id='word_1_351' title='bbox 506 3491 563 3549; x_wconf 85' lang='lat' dir='ltr'><strong>alii</strong></span> <span class='ocrx_word' id='word_1_352' title='bbox 588 3494 734 3551; x_wconf 83' lang='lat' dir='ltr'><strong>sirnutin</strong></span> <span class='ocrx_word' id='word_1_353' title='bbox 764 3490 878 3551; x_wconf 87' lang='lat' dir='ltr'><strong>mollius</strong></span> <span class='ocrx_word' id='word_1_354' title='bbox 908 3514 991 3554; x_wconf 85' lang='lat' dir='ltr'><strong>aera.</strong></span> <span class='ocrx_word' id='word_1_355' title='bbox 1026 3499 1129 3557; x_wconf 86' lang='lat' dir='ltr'><strong>loven.</strong></span> <span class='ocrx_word' id='word_1_356' title='bbox 1149 3500 1218 3577; x_wconf 79' lang='lat' dir='ltr'><strong>XV,</strong></span> 
     </span>
     <span class='ocr_line' id='line_1_39' title="bbox 138 3514 1220 3657; baseline 0.01 -27"><span class='ocrx_word' id='word_1_357' title='bbox 138 3573 208 3630; x_wconf 84' lang='grc'><strong>168.</strong></span> <span class='ocrx_word' id='word_1_358' title='bbox 248 3568 411 3630; x_wconf 82' lang='lat' dir='ltr'><strong>Nescierint</strong></span> <span class='ocrx_word' id='word_1_359' title='bbox 428 3575 518 3652; x_wconf 85' lang='lat' dir='ltr'><strong>primi</strong></span> <span class='ocrx_word' id='word_1_360' title='bbox 535 3514 654 3645; x_wconf 73' lang='lat' dir='ltr'><strong>gladios</strong></span> <span class='ocrx_word' id='word_1_361' title='bbox 675 3572 818 3632; x_wconf 75' lang='lat' dir='ltr'><strong>excudere</strong></span> <span class='ocrx_word' id='word_1_362' title='bbox 830 3569 924 3650; x_wconf 79' lang='lat' dir='ltr'><strong>sobri</strong></span> <span class='ocrx_word' id='word_1_363' title='bbox 967 3576 1014 3635; x_wconf 88' lang='lat' dir='ltr'><strong>De</strong></span> <span class='ocrx_word' id='word_1_364' title='bbox 1031 3577 1220 3657; x_wconf 76' lang='lat' dir='ltr'><strong>apibuse&#39;el·</strong></span> 
     </span>
     <span class='ocr_line' id='line_1_40' title="bbox 137 3650 1221 3734; baseline 0.012 -24"><span class='ocrx_word' id='word_1_365' title='bbox 137 3650 180 3711; x_wconf 89' lang='lat' dir='ltr'><strong>las</strong></span> <span class='ocrx_word' id='word_1_366' title='bbox 201 3651 381 3733; x_wconf 83' lang='lat' dir='ltr'><strong>fingentibus</strong></span> <span class='ocrx_word' id='word_1_367' title='bbox 406 3651 488 3733; x_wconf 85' lang='lat' dir='ltr'><strong>Virg.</strong></span> <span class='ocrx_word' id='word_1_368' title='bbox 510 3651 621 3734; x_wconf 79' lang='lat' dir='ltr'><strong>Georg.</strong></span> <span class='ocrx_word' id='word_1_369' title='bbox 642 3658 693 3727; x_wconf 84' lang='grc' dir='ltr'><em>Ν,</em></span> <span class='ocrx_word' id='word_1_370' title='bbox 718 3659 766 3713; x_wconf 84' lang='grc'><strong>57.</strong></span> <span class='ocrx_word' id='word_1_371' title='bbox 796 3652 946 3722; x_wconf 70' lang='lat' dir='ltr'><strong>ltinenrte</strong></span> <span class='ocrx_word' id='word_1_372' title='bbox 976 3663 1099 3719; x_wconf 87' lang='lat' dir='ltr'><strong>recentis</strong></span> <span class='ocrx_word' id='word_1_373' title='bbox 1117 3660 1221 3723; x_wconf 70' lang='lat' dir='ltr'><strong>Euers-</strong></span> 
     </span>
     <span class='ocr_line' id='line_1_41' title="bbox 81 3733 1220 3814; baseline 0.015 -29"><span class='ocrx_word' id='word_1_374' title='bbox 81 3781 83 3785; x_wconf 76' lang='grc'>,</span> <span class='ocrx_word' id='word_1_375' title='bbox 141 3733 214 3791; x_wconf 87' lang='lat' dir='ltr'><strong>dunt</strong></span> <span class='ocrx_word' id='word_1_376' title='bbox 235 3753 318 3792; x_wconf 85' lang='lat' dir='ltr'><strong>ceros</strong></span> <span class='ocrx_word' id='word_1_377' title='bbox 339 3743 368 3791; x_wconf 89' lang='lat' dir='ltr'><strong>et</strong></span> <span class='ocrx_word' id='word_1_378' title='bbox 390 3734 478 3792; x_wconf 89' lang='lat' dir='ltr'><strong>mella</strong></span> <span class='ocrx_word' id='word_1_379' title='bbox 499 3736 616 3793; x_wconf 83' lang='lat' dir='ltr'><strong>tenacia</strong></span> <span class='ocrx_word' id='word_1_380' title='bbox 633 3733 763 3814; x_wconf 75' lang='lat' dir='ltr'><strong>fingunt.</strong></span> <span class='ocrx_word' id='word_1_381' title='bbox 803 3734 891 3794; x_wconf 92' lang='lat' dir='ltr'><strong>Unde</strong></span> <span class='ocrx_word' id='word_1_382' title='bbox 916 3737 1096 3799; x_wconf 85' lang='lat' dir='ltr'><strong>transfertur</strong></span> <span class='ocrx_word' id='word_1_383' title='bbox 1116 3742 1155 3803; x_wconf 81' lang='lat' dir='ltr'><strong>ad</strong></span> <span class='ocrx_word' id='word_1_384' title='bbox 1172 3742 1220 3802; x_wconf 91' lang='lat' dir='ltr'><strong>in-</strong></span> 
     </span>
     <span class='ocr_line' id='line_1_42' title="bbox 140 3812 1221 3904; baseline 0.01 -34"><span class='ocrx_word' id='word_1_385' title='bbox 140 3812 219 3894; x_wconf 82' lang='lat' dir='ltr'><strong>genii</strong></span> <span class='ocrx_word' id='word_1_386' title='bbox 241 3834 347 3892; x_wconf 86' lang='lat' dir='ltr'><strong>opera,</strong></span> <span class='ocrx_word' id='word_1_387' title='bbox 369 3815 404 3872; x_wconf 86' lang='lat' dir='ltr'><strong>ad</strong></span> <span class='ocrx_word' id='word_1_388' title='bbox 425 3812 621 3893; x_wconf 87' lang='lat' dir='ltr'><strong>eloquentiam</strong></span> <span class='ocrx_word' id='word_1_389' title='bbox 642 3827 672 3874; x_wconf 87' lang='lat' dir='ltr'><strong>et</strong></span> <span class='ocrx_word' id='word_1_390' title='bbox 692 3814 813 3896; x_wconf 88' lang='lat' dir='ltr'><strong>poesin,</strong></span> <span class='ocrx_word' id='word_1_391' title='bbox 848 3815 925 3876; x_wconf 89' lang='lat' dir='ltr'><strong>sicut</strong></span> <span class='ocrx_word' id='word_1_392' title='bbox 933 3815 1053 3897; x_wconf 73' lang='lat' dir='ltr'><strong>fingere</strong></span> <span class='ocrx_word' id='word_1_393' title='bbox 1074 3854 1116 3868; x_wconf 80' lang='lat'><strong>·-·</strong></span> <span class='ocrx_word' id='word_1_394' title='bbox 1137 3820 1221 3904; x_wconf 76' lang='lat' dir='ltr'><strong>effin-</strong></span> 
     </span>
     <span class='ocr_line' id='line_1_43' title="bbox 114 3890 1222 3981; baseline 0.013 -30"><span class='ocrx_word' id='word_1_395' title='bbox 114 3913 219 3967; x_wconf 70' lang='lat' dir='ltr'><strong>·gere.</strong></span> <span class='ocrx_word' id='word_1_396' title='bbox 249 3894 341 3953; x_wconf 89' lang='lat' dir='ltr'><strong>Orell.</strong></span> <span class='ocrx_word' id='word_1_397' title='bbox 362 3893 498 3976; x_wconf 80' lang='lat' dir='ltr'><strong>Prolegg.</strong></span> <span class='ocrx_word' id='word_1_398' title='bbox 519 3917 547 3975; x_wconf 90' lang='lat' dir='ltr'><strong>p.</strong></span> <span class='ocrx_word' id='word_1_399' title='bbox 570 3895 673 3953; x_wconf 85' lang='lat' dir='ltr'><strong>XLIV.</strong></span> <span class='ocrx_word' id='word_1_400' title='bbox 695 3897 906 3977; x_wconf 84' lang='lat' dir='ltr'><strong>interpretatur</strong></span> <span class='ocrx_word' id='word_1_401' title='bbox 932 3920 1128 3981; x_wconf 88' lang='lat' dir='ltr'><strong>componere,</strong></span> <span class='ocrx_word' id='word_1_402' title='bbox 1146 3890 1222 3969; x_wconf 53' lang='lat' dir='ltr'><strong>&#39;eum</strong></span> 
     </span>
     <span class='ocr_line' id='line_1_44' title="bbox 142 3972 1222 4060; baseline 0.015 -29"><span class='ocrx_word' id='word_1_403' title='bbox 142 3972 330 4033; x_wconf 88' lang='lat' dir='ltr'><strong>meditatione</strong></span> <span class='ocrx_word' id='word_1_404' title='bbox 353 3985 383 4034; x_wconf 88' lang='lat' dir='ltr'><strong>et</strong></span> <span class='ocrx_word' id='word_1_405' title='bbox 403 3986 536 4035; x_wconf 87' lang='lat' dir='ltr'><strong>accurate</strong></span> <span class='ocrx_word' id='word_1_406' title='bbox 557 3974 707 4058; x_wconf 79' lang='lat' dir='ltr'><strong>effingere.</strong></span> <span class='ocrx_word' id='word_1_407' title='bbox 737 3975 799 4038; x_wconf 87' lang='lat' dir='ltr'><strong>Cic.</strong></span> <span class='ocrx_word' id='word_1_408' title='bbox 819 3977 893 4060; x_wconf 84' lang='lat' dir='ltr'><strong>Epp.</strong></span> <span class='ocrx_word' id='word_1_409' title='bbox 914 3981 949 4039; x_wconf 86' lang='lat' dir='ltr'><strong>ad</strong></span> <span class='ocrx_word' id='word_1_410' title='bbox 969 3981 1060 4042; x_wconf 84' lang='lat' dir='ltr'><strong>Attic.</strong></span> <span class='ocrx_word' id='word_1_411' title='bbox 1081 3985 1150 4060; x_wconf 85' lang='lat' dir='ltr'><strong>XV,</strong></span> <span class='ocrx_word' id='word_1_412' title='bbox 1173 3990 1222 4047; x_wconf 77' lang='lat'><strong>12</strong></span> 
     </span>
     <span class='ocr_line' id='line_1_45' title="bbox 51 4053 1225 4148; baseline 0.014 -37"><span class='ocrx_word' id='word_1_413' title='bbox 51 4106 54 4111; x_wconf 24' lang='lat'><em>⁴</em></span> <span class='ocrx_word' id='word_1_414' title='bbox 143 4053 264 4113; x_wconf 85' lang='lat' dir='ltr'><strong>Librum</strong></span> <span class='ocrx_word' id='word_1_415' title='bbox 300 4056 355 4115; x_wconf 85' lang='lat' dir='ltr'><strong>tibi</strong></span> <span class='ocrx_word' id='word_1_416' title='bbox 384 4057 518 4114; x_wconf 78' lang='lat' dir='ltr'><strong>celeriter</strong></span> <span class='ocrx_word' id='word_1_417' title='bbox 553 4060 670 4117; x_wconf 85' lang='lat' dir='ltr'><strong>mittam</strong></span> <span class='ocrx_word' id='word_1_418' title='bbox 706 4056 743 4121; x_wconf 85' lang='lat' dir='ltr'><strong>de</strong></span> <span class='ocrx_word' id='word_1_419' title='bbox 768 4060 875 4133; x_wconf 74' lang='lat' dir='ltr'><strong>gloria.</strong></span> <span class='ocrx_word' id='word_1_420' title='bbox 923 4061 1080 4123; x_wconf 80' lang='lat' dir='ltr'><strong>Excutiam</strong></span> <span class='ocrx_word' id='word_1_421' title='bbox 1109 4065 1225 4148; x_wconf 64' lang='lat' dir='ltr'><strong>eluunt</strong></span> 
     </span>
     <span class='ocr_line' id='line_1_46' title="bbox 145 4130 1222 4228; baseline 0.014 -35"><span class='ocrx_word' id='word_1_422' title='bbox 145 4134 342 4211; x_wconf 75' lang='lat' dir='ltr'><strong>‘Hpnutetdcor&#39;,</strong></span> <span class='ocrx_word' id='word_1_423' title='bbox 363 4135 440 4218; x_wconf 82' lang='lat' dir='ltr'><strong>quod</strong></span> <span class='ocrx_word' id='word_1_424' title='bbox 456 4138 551 4196; x_wconf 85' lang='lat' dir='ltr'><strong>lateat</strong></span> <span class='ocrx_word' id='word_1_425' title='bbox 571 4141 601 4198; x_wconf 87' lang='lat' dir='ltr'><strong>in</strong></span> <span class='ocrx_word' id='word_1_426' title='bbox 621 4139 768 4203; x_wconf 79' lang='lat' dir='ltr'><strong>thesanris</strong></span> <span class='ocrx_word' id='word_1_427' title='bbox 788 4143 855 4201; x_wconf 81' lang='lat' dir='ltr'><strong>tuis.</strong></span> <span class='ocrx_word' id='word_1_428' title='bbox 874 4130 952 4202; x_wconf 68' lang='lat' dir='ltr'><strong>Plini</strong></span> <span class='ocrx_word' id='word_1_429' title='bbox 969 4143 1046 4226; x_wconf 85' lang='lat' dir='ltr'><strong>Epp.</strong></span> <span class='ocrx_word' id='word_1_430' title='bbox 1064 4147 1091 4222; x_wconf 90' lang='lat' dir='ltr'><strong>l,</strong></span> <span class='ocrx_word' id='word_1_431' title='bbox 1110 4150 1141 4207; x_wconf 78' lang='lat'><strong>3.</strong></span> <span class='ocrx_word' id='word_1_432' title='bbox 1167 4144 1222 4228; x_wconf 81' lang='lat' dir='ltr'><strong>Es·</strong></span> 
     </span>
    </p>
   </div>
   <div class='ocr_carea' id='block_1_6' title="bbox 0 0 1360 4656">
    <p class='ocr_par' dir='ltr' id='par_1_7' title="bbox 0 0 1360 4656">
     <span class='ocr_line' id='line_1_47' title="bbox 0 0 1360 4656; baseline 0 0"><span class='ocrx_word' id='word_1_433' title='bbox 0 0 1360 4656; x_wconf 95' lang='lat' dir='ltr'><strong> </strong></span> 
     </span>
    </p>
   </div>
  </div>
 </body>
</html>
