2634 4656
154 309 174 317 v
193 271 259 334 tto
515 266 673 350 Dialogus
695 269 734 332 cle
758 267 944 332 &arcubus

195 424 314 498 Calvus
339 439 448 509 uester
467 440 524 495 aut
543 415 675 495 Caelius
698 438 755 495 ant
778 422 852 522 ipse
875 424 1000 496 Cicero.
1051 423 1165 522 Agere
1184 424 1265 498 enim

191 525 313 600 tonius
337 525 402 596 iam
426 540 456 594 et
481 522 660 594 audentius
681 521 775 609 volo,
802 522 830 594 si
854 522 936 595 illud
959 539 1034 595 ante
1060 525 1265 626 praedixero,

192 624 313 700 mutari
347 652 421 696 cnm
449 621 656 722 temporibus
686 622 812 693 formas
838 650 972 721 quoque
1007 639 1038 695 et
1054 647 1196 720 ‘genera
1219 622 1266 696 di-

193 805 327 862 imitaius
347 821 404 859 uon
425 809 500 858 esset
521 810 555 858 ex
577 799 688 858 emend.
703 797 799 858 Rhea.
819 819 900 878 seqq.
921 810 952 858 et
971 801 1050 881 Rup.
1071 811 1101 860 et
1121 823 1195 885 quos
1214 804 1266 867 uti-

192 905 261 944 nam
287 904 323 942 ne
344 885 393 940 im.
416 891 490 940 esset
511 881 616 940 Henm.
638 890 667 938 et
694 901 765 962 quos
792 884 904 939 artinam
928 883 1009 939 nulla
1027 893 1117 962 parte
1137 887 1265 947 imitatur

194 975 270 1025 esset
291 962 384 1024 Codd.
404 964 489 1021 Farn.
513 959 632 1042 (eccll.
654 959 812 1041 Niebuhr.)
832 961 942 1022 Vaticc.
964 963 1081 1022 Broter.
1102 963 1266 1044 (oberlet

193 1048 315 1107 Liinem.
336 1047 408 1102 imit.
431 1065 457 1100 rr.
476 1055 505 1123 p.
527 1041 567 1123 e.)
588 1046 699 1101 utr'nam
716 1047 751 1101 'in
769 1045 822 1102 itta
840 1054 927 1124 parte
946 1047 1080 1103 imitatus
1100 1056 1178 1104 esset
1198 1042 1266 1113 Cod.

192 1129 279 1188 Fara.
300 1147 316 1185 e
338 1124 404 1185 coll.
425 1123 580 1206 Scbluttig.
601 1128 714 1182 utr'nam
734 1144 770 1182 ne
790 1127 819 1182 ia
842 1126 894 1183 etta
920 1135 1008 1205 parte
1034 1129 1171 1186 imitatus
1198 1134 1266 1186 esset
1287 1120 1292 1126 ’

193 1210 303 1270 llluret.
320 1228 335 1266 e
355 1207 532 1274 coniectura,
555 1206 602 1265 cui
616 1205 793 1286 suffragatur
808 1203 881 1265 Cod.
901 1206 999 1280 Farn,
1019 1219 1167 1287 receptas
1180 1207 1265 1280 Bello

194 1290 269 1350 Ritt.
293 1300 322 1348 et
342 1285 464 1368 probata
485 1285 631 1346 Eckstein.
653 1287 683 1345 in
709 1296 808 1346 annot.
836 1288 915 1346 Lect.
935 1288 1016 1346 nulla
1033 1311 1064 1369 p.
1085 1293 1135 1347 im.
1159 1310 1199 1348 es.
1220 1311 1266 1349 ex-

193 1370 281 1453 plicat
301 1368 474 1428 Ernestius:
503 1369 542 1427 Et
562 1368 651 1441 tales,
673 1379 707 1427 ut
727 1368 886 1448 optandum
907 1368 963 1443 sit,
985 1380 1020 1429 ut
1035 1369 1070 1428 ab
1085 1369 1266 1431 eorum-imi-

192 1453 304 1513 tatione
333 1472 364 1510 se
385 1449 596 1509 abstinuissent
618 1447 749 1526 Calvus,
779 1447 894 1509 Caelius
916 1461 970 1509 cte.
1008 1451 1177 1511 Secundum
1205 1452 1265 1511 lect

194 1556 230 1594 ue
251 1534 352 1592 inilia
371 1540 458 1612 parte
478 1531 736 1626 reprehenduntur
757 1551 773 1588 a
793 1532 860 1590 Tac.
878 1528 1013 1607 Caelius,
1036 1531 1145 1592 Calvus
1168 1533 1266 1613 etipse

195 1614 318 1687 Cicero,
341 1612 420 1691 quod
441 1612 639 1671 horridam-et
666 1603 826 1693 impolitam
855 1612 1017 1672 orationem
1040 1612 1168 1690 Galbae,
1199 1613 1266 1676 Car·

193 1696 281 1757 bonis
302 1694 484 1773 aliorumque
504 1692 608 1753 imitati
630 1693 689 1752 sint
710 1714 795 1773 quam
816 1692 874 1753 vim
895 1694 1179 1776 vehementiamque,¹
1200 1715 1267 1776 quae

193 1778 251 1838 illis
271 1787 376 1842 avett.
392 1775 598 1856 scriptoribus,
620 1795 695 1854 quos
720 1797 807 1855 supra
827 1773 1022 1851 laudavimus,
1036 1775 1191 1836 tribuitur.
1223 1777 1268 1838 Sic

193 1858 303 1942 legitur
332 1857 408 1917 Dial.
438 1862 485 1916 21.
514 1878 567 1915 nee
601 1878 763 1940 quenquam
791 1855 865 1915 adeo
895 1861 1094 1940 antiquarium
1120 1868 1214 1941 puio,
1241 1864 1268 1919 ut

195 1942 327 2001 Caelium
348 1959 386 1997 ea·
407 1959 444 1996 ea
461 1948 549 2020 parte
569 1938 684 2012 laudet,
706 1959 764 2019 qua
784 1941 919 2021 antiquus
939 1949 991 1998 est.

277 2045 346 2094 ante
364 2032 563 2116 praediscere]
605 2036 699 2095 Hand.
719 2035 846 2095 Tursell.
869 2035 936 2096 Vol.
956 2036 977 2099 l.
998 2060 1027 2119 p.
1049 2043 1129 2098 385:
1152 2039 1198 2099 »A
1218 2059 1269 2100 vo-

196 2116 299 2180 cabulo
330 2122 398 2175 arite
419 2115 626 2198 distinguimus
653 2117 902 2197 praepositionem
919 2139 995 2200 prae
1020 2118 1145 2180 nodone
1165 2121 1202 2182 ab
1223 2143 1269 2181 or-

197 2200 264 2260 dine
285 2198 451 2278 desumpta:
482 2210 661 2277 quapropter
687 2198 757 2257 haec
783 2199 903 2279 proprie
932 2199 1042 2259 dicitur
1066 2200 1102 2261 de
1131 2223 1164 2262 re
1191 2202 1269 2283 prius

195 2279 311 2421 apendp·
332 2291 365 2374 et
395 2279 631 2419 qleqqacuqque
659 2280 933 2420 pfff⁹⁵¹⁸⁰ll³'·,ffl
960 2280 1089 2421 vqlgpris
1108 2306 1184 2422 ustus
1205 2284 1271 2379 baec

196 2381 550 2527 {onlluiliiifq'lia
569 2381 966 2523 treet.¹1⁵.t¹rfe.·...
987 2385 1080 2504 iii}
1097 2377 1273 2517 iiiiii,

196 2546 285 2607 quare
307 2522 497 2605 coniungitur
512 2546 577 2584 cum
597 2524 694 2584 verbis
708 2544 946 2604 praeoccupare,
964 2545 1165 2606 praeparare,
1183 2548 1272 2607 prae·

108 2647 111 2655 ,
198 2611 346 2683 rogitare,
376 2609 547 2700 praescire,
578 2617 608 2665 et
634 2605 697 2665 aliis
719 2604 806 2665 huius
827 2605 960 2686 generis,
990 2617 1106 2665 etcum
1134 2608 1272 2671 adverbio

193 2692 303 2772 prius«
344 2686 420 2746 Dral.
440 2692 490 2746 28.
507 2690 591 2766 prius
605 2688 801 2767 praedixero..
817 2685 972 2746 Cicsehit.
989 2689 1040 2760 Vl,
1062 2694 1091 2747 3.
1110 2689 1188 2764 Plio.
1202 2691 1273 2770 Epp

196 2771 236 2844 X,
263 2771 309 2828 15.
340 2777 409 2826 ante
430 2768 612 2847 praedicere.
660 2769 740 2827 Flor.
761 2769 797 2844 ll,
829 2775 877 2844 12,
901 2771 947 2828 tt.
988 2768 1050 2827 Sed
1076 2772 1169 2830 multo
1192 2776 1274 2851 prius

194 2849 338 2926 gaudium
371 2851 508 2907 uictoriae
533 2851 658 2931 populus
681 2851 845 2919 ,Romanus
873 2870 960 2931 quam
995 2852 1126 2930 epistolis
1161 2855 1274 2913 uictoris

194 2939 392 3013 praeceperat
412 2929 487 3011 (non
505 2930 637 3012 percep.)
653 2931 722 3011 ibiq.
738 2931 849 2991 Duker.
865 2932 932 2990 Tac.
953 2928 1032 2989 dnn.
1046 2932 1098 3005 Xl,
1116 2938 1145 2991 7.
1163 2935 1275 2993 uibilti

196 3035 252 3097 quo
273 3033 340 3070 aaut
363 3015 462 3093 expeti
480 3015 538 3071 nisi
557 3017 639 3090 euius
651 3010 769 3089 fruetus
789 3023 858 3070 aute
874 3012 1036 3093 providerit
1052 3011 1164 3093 (Hand.
1183 3035 1275 3094 prae-

199 3037 271 3175 vidi
290 3093 358 3172 ibiq.
383 3092 499 3152 Walth.
528 3105 558 3153 et
579 3093 666 3153 Bach.
689 3093 806 3153 Ramsb.
829 3094 882 3153 Gr.
910 3091 939 3174 §.
959 3099 1029 3161 208.
1052 3099 1077 3153 1.
1099 3115 1124 3153 a.
1144 3094 1275 3158 Boram

195 3175 267 3236 Lex.
288 3175 356 3234 Tac.
376 3174 513 3257 Prolegg.
533 3197 562 3255 p.
582 3175 708 3233 LXLlll.

282 3266 394 3321 mutari
414 3285 479 3323 aum
500 3264 678 3344 temporibus
689 3261 810 3342 srrrmas
828 3273 990 3345 quoquae!
1008 3283 1119 3336 genera
1141 3259 1281 3347 diaeudss

196 3338 272 3402 Dial.
289 3347 333 3401 19.
356 3364 420 3402 cum
442 3346 607 3405 conditione
625 3355 787 3424 temporum
800 3344 935 3422 sormam
957 3365 1067 3426 quoque
1090 3363 1129 3402 ac
1149 3350 1276 3426 speciant

198 3426 342 3482 orationis
361 3445 422 3483 esse
443 3427 625 3485 mutandam.
667 3425 769 3485 lustin.
791 3427 901 3500 XXXl,
926 3429 957 3501 5,
979 3431 1006 3484 9.
1047 3427 1178 3487 Reverso
1200 3427 1275 3488 Cer·

155 3502 157 3506 ’
197 3503 347 3578 ibagirrem
369 3510 469 3565 statim
500 3529 565 3567 cum
593 3510 659 3567 loca
680 3506 835 3585 fortunam
859 3507 928 3566 belli
947 3517 1102 3579 mutatam.
1140 3509 1187 3568 De
1208 3506 1276 3569 sen'·

196 3584 288 3645 tentia
310 3584 346 3645 cl.
377 3587 480 3661 Quint.
500 3593 537 3663 ll,
559 3593 589 3664 5,
614 3591 663 3648 24.
685 3596 715 3663 8,
737 3595 766 3647 2.
810 3586 871 3648 Cic.
895 3588 930 3647 de
959 3589 1078 3647 Orator.
1100 3590 1151 3664 lll,
1175 3594 1206 3664 9,
1227 3588 1274 3651 34.

93 3718 97 3724 ,
161 3677 163 3683 “
195 3669 225 3726 si
244 3687 340 3748 paene
367 3671 591 3729 innumerabiles
613 3675 671 3728 siai
698 3673 785 3751 quasi
803 3668 924 3746 ferroras
943 3667 1121 3765 figuraeque
1149 3669 1276 3744 dicendi,

196 3768 295 3902 363qu
311 3746 588 3911 qr'sqarsep13mqlenere
609 3750 782 3809 laudabiles.
812 3749 948 3810 Schuetz.
965 3751 1036 3810 Lex.
1048 3744 1119 3810 (aie.
1139 3750 1275 3812 Bennell·

281 3923 390 3985 Catoni
407 3927 486 4009 seni]
527 3929 570 3987 M.
592 3928 720 3986 Parcius
741 3926 833 4001 Coto,
862 3925 981 3986 Priscus
1002 3926 1065 4000 sire
1086 3927 1199 4005 Maior,
1223 3929 1275 3989 Sa·

195 4001 280 4086 piens
301 4005 349 4065 vel
372 4009 453 4085 quia
474 4030 597 4069 censura
618 4030 729 4067 summa
750 4009 908 4068 severitate
928 4018 1011 4088 gesta
1030 4007 1187 4087 Censorius
1203 4010 1275 4070 dici·

195 4095 258 4159 tur,
278 4085 400 4147 Tusculi
418 4101 502 4150 natus
518 4094 588 4150 519.
608 4101 696 4148 mort.
718 4096 785 4150 605.
802 4093 840 4148 U.
859 4086 904 4163 C.,
925 4099 973 4147 tot
992 4099 1022 4147 et
1041 4100 1099 4148 tam
1120 4090 1274 4171 praeclaris

197 4165 309 4250 ingenii
341 4166 489 4254 animique
524 4170 684 4234 virtutibus
714 4183 746 4234 et
779 4171 870 4233 rebus
908 4169 988 4230 domi
1023 4169 1153 4253 bellique
1184 4172 1275 4257 gestit
