2634 4656
453 320 496 343 -.
535 266 728 366 eatur(
1040 342 1043 348 .
1114 288 1154 376 tr

70 429 263 525 consumas,
286 464 389 536 quum
407 451 439 509 tc
456 449 505 509 tot
522 435 706 523 amicorum
724 460 855 524 causae,
881 451 930 509 tot
949 435 1156 515 coloniarum
1240 457 1245 485 ³

68 552 99 608 ct
120 534 381 635 municipiorum
404 533 573 609 clientelae
594 524 631 606 in
660 535 771 606 sorum
793 552 928 622 verrent,
956 536 1159 636 quibusvis

68 633 268 721 sulleceris,
303 633 522 707 etiamsinon
550 661 672 705 novum
698 631 759 704 tilti
785 631 796 703 i
823 660 858 704 se
893 636 1062 730 negotium
1089 639 1153 711 im·

65 746 259 832 portasses,
297 732 479 804 Domitium
506 747 537 804 et
555 733 740 825 Catonem,
770 661 820 802 id
833 747 882 803 est
907 752 1038 806 nostras
1060 743 1151 836 'quo-

66 899 174 973 Quint.
198 921 226 980 p.
242 901 333 960 XXll.
352 901 429 982 apud
449 899 552 961 lustin.
575 901 612 977 ll,
639 903 685 960 10.
726 898 946 980 Artaphernem
960 935 1001 948 -
1018 903 1150 965 Xerxem
1253 898 1261 909 ’

45 979 137 1060 utriq.
160 980 286 1041 Beueck.

150 1100 238 1156 prtum
264 1087 426 1157 16--161
452 1079 635 1138 coloniorum
665 1088 695 1137 et
723 1051 946 1160 munilipiurum
976 1079 1150 1167 clientelae]
1257 1131 1259 1135 .

64 1158 91 1219 E
110 1156 185 1219 Cod.
205 1161 291 1219 Farn.
312 1169 342 1218 te
358 1159 602 1240 interposuerunt
617 1158 705 1218 Bell.
719 1160 817 1220 Boett.
834 1148 951 1221 Walth.
969 1163 1041 1222 ltin.
1058 1163 1148 1224 Baclr.

65 1276 107 1292 -
129 1240 177 1300 De
193 1240 325 1309 clientela
347 1241 394 1300 vd.
416 1263 461 1321 cp.
483 1247 510 1301 7.
531 1244 648 1301 36.’41.
689 1242 884 1302 Necessitudo
907 1242 985 1303 inter
1004 1257 1147 1324 patronos

65 1333 98 1383 et
118 1321 252 1398 clientes,
274 1323 295 1381 i.
314 1342 339 1381 e.
360 1321 498 1402 patricios
520 1335 550 1382 et
568 1321 711 1403 plebeios,
735 1323 835 1404 primis
859 1323 1051 1404 reipublicae
1070 1337 1147 1386 tem·

65 1402 191 1485 poribus
207 1404 241 1463 ad
257 1403 335 1463 cives
355 1414 467 1463 tantum
485 1403 658 1484 pertinebat.
696 1404 742 1463 Ex
764 1425 823 1485 quo
843 1416 939 1464 autem
956 1405 1147 1486 patriciorum

65 1497 97 1544 et
120 1484 214 1565 plebis
235 1483 299 1544 iura
322 1496 393 1544 sunt
412 1495 549 1564 aequata,
571 1498 711 1544 nontam
728 1493 887 1566 utrumque
908 1487 1041 1547 ordinem
1060 1509 1147 1569 quam

63 1566 189 1625 omnino
209 1565 342 1626 homiues
365 1565 537 1627 humiliores
560 1577 591 1626 et
613 1566 764 1626 tenuiores
787 1589 852 1626 cum
872 1568 1091 1648 potentioribus
1113 1580 1145 1631 et

62 1646 223 1707 ditioribus
244 1646 422 1715 coniunxitt,
445 1669 539 1729 neque
561 1646 639 1707 inter
666 1647 744 1707 cives
767 1648 864 1722 stetit,
897 1649 950 1709 sed
970 1650 1005 1709 ad
1025 1664 1144 1712 exteros

62 1749 185 1808 qnoque
214 1728 351 1788 translata
379 1740 443 1803 est,
480 1741 515 1788 ut
543 1749 605 1788 uon
636 1727 732 1787 solum
761 1728 870 1824 singuli
899 1728 1053 1804 homiues,
1091 1731 1145 1794 sed

62 1810 221 1870 universae
241 1810 326 1870 etiam
348 1808 490 1884 civitates,
512 1809 697 1890 provinciae,
721 1809 853 1869 coloniae
874 1823 904 1869 et
924 1832 1014 1892 regua
1033 1811 1065 1871 in
1087 1812 1144 1873 cli-

63 1890 161 1967 entela
177 1890 234 1950 viri
254 1890 374 1952 alicuius
395 1890 560 1964 clarissimi,
580 1889 734 1971 praecipue
753 1891 936 1971 imperatoris
961 1905 1071 1969 essent,
1092 1892 1144 1975 qui

61 1972 144 2035 bello
165 1971 277 2032 devicta
300 1973 330 2032 in
354 1972 441 2033 fidem
463 1973 622 2052 recepisset
643 1971 719 2054 (Cic.
743 1972 778 2032 de
801 1971 906 2049 0111,
931 1973 1143 2055 11.),666166-

63 2076 122 2135 que
144 2052 360 2129 eiusiamiliae,
381 2076 397 2113 a
415 2050 470 2133 dua
491 2075 593 2114 causae
614 2075 717 2123 corum
736 2053 766 2112 in
782 2066 883 2114 senatu
905 2066 935 2113 et
954 2058 1029 2136 apud
1045 2079 1142 2137 popu-

62 2135 124 2196 lum
141 2149 309 2218 agerentur.
345 2135 394 2195 Sic
416 2136 556 2194 Afrorum
576 2136 693 2216 patroni
713 2134 832 2194 fuerunt
848 2136 1020 2216 Scipiones,
1044 2141 1142 2198 Mace-

61 2217 175 2278 donum
191 2217 309 2277 Aemilii
326 2215 429 2289 Paulli,
451 2216 617 2277 Siculorum
638 2216 769 2276 lllarcelli
789 2228 819 2276 et
839 2214 1018 2294 Cicerones,
1038 2220 1141 2287 Bono-

60 2298 210 2360 niensium
230 2298 371 2372 Antonii,
400 2296 581 2395 Cypriorum
605 2297 688 2359 Cato.
724 2296 770 2358 Cf.
789 2300 875 2359 Fuss.
906 2298 1025 2380 Autiqq.
1054 2303 1140 2361 llotn.

59 2380 162 2522 ξω.
198 2380 562 2461 Heusing.etBerer.ad
588 2367 872 2476 6160116111
911 2378 994 2469 Cort.
1022 2383 1058 2441 ad
1078 2380 1141 2442 Cic.

75 2484 137 2544 pp.
152 2460 189 2521 ad
202 2463 309 2520 Famm.
324 2460 390 2534 XV,
405 2465 436 2536 t,
451 2467 500 2520 to.
520 2460 702 2520 Beueckad
724 2457 784 2519 Cre.
806 2457 890 2519 caut.
907 2462 958 2535 lV,
985 2464 1031 2521 11.
1060 2464 1139 2522 Η66-
1209 2483 1227 2512 -·

60 2546 127 2627 rog.
149 2541 186 2603 ad
210 2542 335 2603 Sallust.
351 2540 435 2603 Catil.
457 2564 501 2623 cp.
524 2544 573 2602 41.
601 2543 678 2621 Rup.
700 2540 736 2599 ad
761 2541 829 2599 Tac.
852 2538 930 2599 Anu.
954 2542 1002 2619 lll,
1025 2548 1074 2603 55.
1104 2544 1140 2604 E.
1289 2613 1292 2618 ¹

58 2623 204 2686 Koellner
218 2623 254 2683 de
274 2622 415 2688 clientela.
447 2621 583 2706 Gotting.
609 2626 697 2682 1832.
718 2623 747 2681 ,4.

144 2722 248 2804 quidus
267 2724 316 2780 riae
335 2718 504 2862 Stisssssssrlsg
542 2716 635 2780 Codd.
657 2714 741 2778 Fam.
762 2716 871 2778 Vaticc.
892 2715 1006 2776 Dronk.
1027 2704 1146 2780 Osanul

62 2802 157 2866 06611.
186 2803 274 2863 Bach.
300 2801 450 2881 sufficeres
488 2801 572 2861 odd.
599 2803 664 2861 Par.
694 2799 778 2859 Vind.
803 2811 872 2859 cett.
892 2799 964 2857 Edd.
1000 2790 1140 2862 Eiusdem
1214 2811 1220 2823 “

10 2900 13 2909 ’
58 2896 228 2948 structurae
250 2882 414 2964 exemplum
441 2873 531 2943 ollert
559 2882 663 2959 Quint.
691 2882 730 2956 X,
756 2886 782 2956 1,
813 2885 861 2940 98.
905 2881 1003 2940 Ovidii
1029 2883 1140 2943 Medea

59 2968 177 3029 uidetur
196 2967 270 3026 milri
287 2966 456 3040 ostendere,
483 2975 622 3044 putantum
645 2965 694 3021 ille
717 2966 760 3020 eir
776 2972 934 3042 proestare
951 2967 1092 3043 potuerit,
1113 2967 1142 3023 si

47 3053 176 3125 >ingenio
194 3069 248 3107 666
269 3050 390 3128 operari
407 3068 496 3127 quum
523 3047 674 3120 indulgere
695 3046 854 3102 metuisset.
904 3043 1002 3102 Verba
1026 3044 1139 3104 Graece

59 3131 104 3192 616
123 3129 333 3211 interpretatus
355 3139 401 3188 est
427 3131 463 3187 V.
480 3129 516 3187 D.
538 3127 569 3187 iu
588 3127 668 3188 Dior.
690 3124 754 3183 Hal.
776 3129 860 3183 1833.
882 3124 963 3204 Sept.
987 3146 1031 3182 nr.
1053 3129 1137 3186 tet:

56 3214 137 3290 μόλις
153 3213 187 3275 ἄν
204 3215 346 3288 ciprinum,
369 3219 399 3287 el
417 3212 455 3284 μή
476 3217 533 3269 rior
553 3212 642 3285 666τῷ
656 3213 764 3284 πρᾶγμα
782 3212 927 3278 ἐπέθηκας.
963 3205 1067 3265 11161111.
1084 3206 1139 3266 Gr.

58 3280 163 3376 (16.1.
185 3300 254 3354 508.
275 3315 301 3375 c,
320 3289 382 3353 not.
406 3297 432 3352 1.
454 3289 483 3372 ᾖ.
504 3292 572 3352 524.
592 3299 654 3349 661.
676 3295 704 3348 2.

150 3387 298 3459 negotium
325 3376 533 3460 importuosas]
554 3375 742 3456 'Exemplum
775 3371 864 3434 huius
893 3370 1053 3434 locutionis
1082 3393 1139 3454 pro

56 3466 164 3527 usitata
186 3467 332 3539 negotium
355 3462 413 3521 sibi
438 3465 587 3542 imponere
611 3457 659 3531 vel
679 3460 830 3532 iniungere
858 3456 936 3537 apud
955 3453 1042 3514 alium
1064 3454 1144 3515 scri&

56 3561 175 3630 ptorem
195 3545 244 3604 vix
265 3541 436 3626 reperiatur.

142 3625 327 3708 Douritium]
347 3620 506 3684 Neultirch.
527 3620 564 3681 de
583 3619 671 3681 fabul.
693 3627 784 3702 togat.
804 3618 892 3679 Rom.
911 3639 940 3698 p.
959 3620 1006 3676 93.
1028 3613 1140 3676 statuit.

59 3712 226 3773 Domitium
238 3720 267 3768 et
276 3730 321 3788 cp.
333 3711 378 3767 11.
397 3705 545 3769 Neronem
558 3702 677 3763 eandem
689 3698 813 3760 sabulum
825 3696 1035 3777 et'iuscriptam
1047 3696 1141 3758 luisse

59 3795 226 3854 Domitium
252 3789 418 3865 Neronem,
445 3807 536 3867 quum
559 3784 640 3844 Nero
663 3782 830 3862 ‘Imperator
859 3799 876 3841 e
903 3791 991 3861 gente
1010 3777 1141 3839 Domitia

58 3875 204 3935 oriundus
225 3870 322 3932 suerit.
362 3869 435 3929 Nam
457 3867 483 3927 si
498 3866 579 3926 Nero
600 3863 695 3926 fabula
711 3863 827 3922 diversa
843 3860 978 3920 fuisseta
998 3859 1141 3936 Domitio,
1220 3895 1225 3900 ·

59 3958 160 4037 priore
180 3954 247 4014 1666
268 3973 330 4011 nou
350 3961 470 4011 tautum
488 3946 652 4008 Domitium
674 3955 704 4004 ct
724 3941 866 4003 Catonem
887 3952 1140 4020 enumeratas‘re-
1215 3979 1224 3987 -

58 4039 232 4118 periremus.
270 4030 490 4095 Assentleutem
511 4027 567 4088 sibi
587 4025 689 4087 habuit
709 4023 856 4084 Eckstein.
871 4023 902 4082 in
916 4020 1053 4103 Prolegg.
1067 4043 1096 4101 p.
1111 4026 1141 4080 8.

60 4119 239 4199 Peerlkamp.
261 4114 364 4175 contra
385 4111 416 4171 iu
436 4108 511 4171 Bibl.
540 4108 605 4168 crit.
624 4128 694 4167 nov.
714 4106 783 4164 Vol.
804 4109 841 4163 V.
862 4106 894 4165 P.
916 4107 942 4162 1.
963 4125 992 4183 p.
1018 4108 1140 4180 11666.

59 4199 197 4269 61116616,
219 4197 258 4275 ad
275 4218 321 4278 ep.
342 4198 390 4273 11.
417 4184 597 4275 ¹Domitium
623 4199 705 4273 recte
728 4186 876 4274 accipiunt
894 4183 931 4244 de
950 4185 985 4244 1..
1006 4179 1141 4243 Domitio
1248 4207 1252 4214 ·

649 4345 684 4399 b
908 4276 948 4363 2*
