2634 4656
179 230 243 298 111
501 235 663 329 11111οὸ..-
680 236 719 300 s.
743 204 936 303 o'raerttas

178 404 250 462 stus
275 384 361 460 velit.
416 387 487 463 iarn
512 414 590 462 vero
615 387 756 462 iuvenes
777 403 809 460 et
833 388 868 461 in
893 387 968 488 ipsa
985 383 1182 458 :studiorum
1206 383 1260 455 in·

179 485 266 562 tude
286 485 407 588 positi,
434 489 492 587 qui
513 487 684 588 profectus
708 489 760 560 sui
787 502 1057 578 causaqratorcs
1078 498 1259 568 sectantur,

179 614 250 660 non
276 584 384 658 solum
411 585 546 676 audire,
587 587 649 660 sed
681 580 778 661 etiam
804 586 928 660 reserre
959 584 1097 657 domum
1130 577 1260 681 aliquid

180 743 228 816 ΙΙ,
249 744 279 818 1,
307 747 356 802 82.
408 741 472 802 Nec
499 741 660 802 omittenda
693 753 740 802 est
776 741 847 802 scita
875 739 1043 802 obseruatio
1071 737 1195 798 Walcb.
1224 736 1261 797 ad

183 821 285 904 Agris.
306 845 336 904 p.
360 827 428 883 120.
449 834 568 900 annot,
597 845 633 884 cx
652 823 710 884 boc
738 823 813 905 Apri
832 823 942 884 iudicio
962 840 1088 904 prorsus
1109 818 1260 880 contrario

181 903 378 966 Ciceroniano
396 904 685 978 manifestumcsse,
708 917 889 986 quantopere
903 916 967 964 tum
986 923 1084 963 mores
1103 912 1136 961 et
1154 920 1260 960 seusus
1278 916 1281 921 '

182 985 345 1046 venustatis
365 985 477 1046 fuerint
496 986 609 1046 mutati.
651 988 742 1061 Quod
762 989 850 1070 Lang.
873 1007 993 1066 quoque
1012 985 1141 1066 (lpuscc.
1161 1004 1192 1063 p.
1212 984 1260 1042 46.

183 1066 337 1147 explanare
365 1067 496 1143 studuit,
526 1067 576 1148 qui
603 1067 689 1127 allato
709 1067 764 1129 loc.
796 1069 901 1143 Quint.
927 1069 979 1142 xl,
1010 1071 1041 1141 8,
1075 1066 1144 1124 184.
1170 1062 1261 1139 addit,

183 1160 300 1209 veteres
321 1147 447 1208 artifices
471 1150 571 1209 adres
592 1149 683 1230 magis
701 1163 732 1210 et
752 1149 840 1210 verba
857 1160 961 1230 poetae
981 1158 1097 1230 gestum
1118 1156 1260 1224 attempe-

183 1250 266 1290 rassc
284 1229 415 1290 tardiore
435 1231 555 1310 quadarn
577 1232 736 1313 gravitate,
763 1232 944 1291 recentiores
973 1230 1008 1290 ad
1029 1226 1153 1288 saltandi
1174 1226 1262 1286 deeo-

183 1323 299 1371 reniet
323 1311 523 1372 mobilitatem.
563 1313 723 1372 Bernhard.
752 1313 884 1373 Gruudr.
905 1312 932 1371 d.
960 1313 1048 1372 Riim.
1073 1307 1131 1366 Lit.
1157 1329 1189 1387 p.
1213 1308 1262 1366 94.

185 1405 285 1453 annot.
318 1398 384 1453 165.
408 1427 444 1439 -
493 1395 527 1453 L.
551 1395 659 1475 Turpio
676 1394 828 1454 Arnbioius
855 1394 901 1475 (in
928 1390 1062 1452 didascal.
1083 1391 1209 1448 'serent
1226 1388 1261 1448 L.

184 1474 337 1534 Ambivius
358 1473 480 1557 Turpio)
495 1475 552 1535 tuit
571 1475 678 1535 histrio
699 1475 827 1536 comicus
840 1484 942 1535 aetate
957 1470 1089 1549 Terentii
1109 1468 1264 1530 nobilissi-

186 1577 270 1631 mus,
296 1555 381 1616 cuius
408 1556 697 1639 plerasquefabulas
724 1579 784 1616 uua
810 1579 876 1617 cum
904 1557 936 1614 L.
956 1554 1049 1615 Atilio
1069 1550 1263 1612 Praenestino

185 1636 254 1719 egit.
298 1635 346 1779 gli
367 1636 428 1698 Cic.
456 1637 519 1700 Cat
547 1640 593 1700 14.
614 1637 779 1723 Symmacb.
807 1640 883 1719 Epp.
904 1639 937 1714 l,
952 1643 1003 1712 25,
1026 1637 1067 1710 X,
1085 1640 1116 1695 2.
1158 1633 1264 1694 Mauso

185 1739 277 1781 verm.
321 1741 383 1780 err.
424 1725 500 1780 .’93.

105 1790 107 1795 ⁴
269 1805 347 1860 etin
369 1742 436 1882 ipio
455 1801 618 1863 studiorum
640 1801 746 1861 incude
770 1797 877 1882 posita]
911 1797 962 1859 Sic
982 1795 1056 1858 Cod.
1075 1797 1163 1856 Faru.
1185 1794 1261 1855 Edd.

186 1880 267 1962 Lips.
283 1894 313 1941 et
329 1904 409 1963 seqq.
429 1895 546 1964 praeter
560 1884 682 1958 Osann,
724 1881 753 1942 ui
771 1893 800 1942 et
820 1885 885 1962 ipsa
900 1879 967 1940 lect.
981 1878 1075 1941 Codd.
1093 1879 1160 1938 Par.
1175 1876 1264 1936 Viod.

189 1974 258 2022 cett.
266 1963 340 2023 Edd.
353 1965 517 2036 revocavit;
534 1965 566 2024 it.
583 1905 726 2025 Schurrd.
738 1967 842 2024 Heum.
861 1961 994 2023 Oberliu.
1004 1957 1265 2033 Seeboddlrouk,

186 2043 239 2123 qui
265 2056 362 2104 tamen
388 2057 418 2104 11
443 2058 658 2126 expunxerunt
708 2045 800 2107 Cuius
830 2042 931 2125 partic.
958 2042 1018 2103 viru
1047 2041 1143 2100 Hand.
1172 2041 1262 2100 Turs.

189 2124 258 2184 vot.
279 2127 319 2200 ll,
335 2146 364 2206 p.
384 2129 454 2187 477.
483 2127 578 2186 nostri
605 2148 723 2207 quoque
750 2126 808 2186 loci
828 2145 941 2185 memor
969 2136 999 2184 et
1026 2123 1061 2182 ad
1088 2130 1137 2182 sai
1157 2121 1263 2183 Graec.
1283 2170 1301 2207 .‘

67 2284 70 2289 .
187 2205 352 2287 respiciens.
369 2207 445 2268 bene
467 2208 514 2269 sic
535 2209 714 2289 explanarit:
743 2206 855 2267 »Latini
874 2227 959 2288 saepe
988 2203 1175 2286 coniungunt
1194 2203 1264 2262 duas

187 2288 347 2348 'sententias
368 2291 487 2368 duoque
506 2291 624 2349 uomina
644 2311 698 2371 per
719 2299 764 2362 et,
787 2309 914 2368 quorum
933 2288 1055 2347 alterurn
1073 2284 1169 2366 priori
1186 2282 1265 2345 addit

187 2368 401 2430 distinctiorem
419 2370 629 2443 definitionem,
650 2372 737 2451 idque
753 2369 881 2430 illustrat
902 2367 1144 2448 etexplicatione
1159 2365 1262 2447 ampli·

187 2451 281 2511 licat«
324 2450 369 2512 Cf.
390 2451 516 2527 walth.
544 2454 579 2514 ad
606 2454 677 2529 Tac.
701 2455 778 2512 Anu.
808 2454 845 2526 ll,
874 2456 923 2511 56.
952 2453 1002 2525 ΙΙΙ,
1031 2454 1081 2508 48.
1111 2449 1192 2522 ΧΙΙΙ,
1213 2453 1265 2508 28.

187 2531 281 2592 Kritz.
308 2534 343 2593 ad
372 2534 441 2594 Sall.
472 2532 535 2596 Cat.
564 2540 614 2611 19,
635 2541 663 2595 2.
701 2533 870 2615 Wopkens.
890 2533 984 2592 Lectt.
1004 2528 1082 2603 Tull.
1104 2551 1132 2610 p.
1153 2533 1204 2589 98.
1223 2548 1265 2579 -ι

188 2615 361 2695 Metaphora
376 2620 406 2674 in
421 2617 526 2676 incude
542 2624 663 2698 ponere,
685 2637 758 2696 quae
780 2616 865 2675 ducta
880 2625 925 2673 est
942 2635 959 2673 a
978 2610 1066 2671 labris
1082 2610 1197 2671 ferrum
1211 2606 1265 2671 sub

186 2695 295 2757 incude
312 2697 506 2758 tundentibus
527 2710 557 2758 et
576 2696 804 2770 elaborantibus,
824 2695 931 2775 quibus
951 2693 1060 2754 similes
1082 2690 1266 2773 1111111111ςί-

189 2776 266 2852 stri,
295 2778 345 2856 qui
368 2778 482 2838 assidue
508 2780 608 2859 pueris
637 2777 747 2858 aliquid
774 2776 939 2849 inculcant,
967 2787 1001 2835 ut
1020 2774 1094 2834 rude
1116 2773 1267 2856 ingenium

176 2869 220 2917 et
242 2857 407 2938 impolitum
428 2859 598 2920 assiduitate
625 2859 734 2937 laboris
764 2859 846 2939 quasi
866 2857 921 2918 sub
941 2857 1048 2917 incude
1067 2855 1218 2915 formetur
1236 2862 1267 2917 et

189 2937 355 3019 expoliatur
381 2941 429 3001 vd.
450 2940 587 3002 Talaeum
614 2942 650 3003 ad
677 2939 738 3003 Cic.
760 2942 795 3001 de
823 2940 905 3000 Orat.
926 2943 964 3013 11,
985 2943 1035 3011 39,
1061 2942 1149 3011 162,
1178 2956 1265 3033 repe-

188 3021 276 3081 tenda
297 3033 343 3098 est
363 3021 483 3082 e-sonte
504 3025 639 3099 Graeco,
671 3044 757 3102 quem
786 3021 916 3081 ostendit
945 3022 976 3079 F.
999 3018 1108 3079 lacobs.
1128 3017 1161 3077 in
1182 3026 1266 3099 epist.

188 3099 225 3163 ¹ad
246 3104 289 3163 F.
302 3103 341 3164 G.
360 3104 503 3187 Doering.
520 3126 550 3186 p.
572 3111 621 3166 30.
662 3104 778 3164 Pindar.
801 3103 890 3242 Pptb.
904 3104 927 3178 l,
949 3107 996 3162 86.
1017 3104 1179 3174 1111101101
1200 3100 1267 3178 spir

94 3257 96 3264 Ι
145 3222 147 3226 ·
187 3183 284 3260 diepam
302 3188 545 3264 xdlneveylsiuoar
560 3209 584 3248 c.
599 3197 713 3247 annott.
727 3183 826 3245 Boeclt
849 3227 856 3242 .
876 3184 998 3264 T·'ll.p.
1014 3187 1084 3242 238.
1102 3180 1267 3242 etDlstett·

188 3263 221 3325 in
248 3265 304 3325 Ed.
333 3267 425 3326 Goth.
453 3267 583 3350 Antipat.
611 3266 743 3327 Thessal.
771 3266 872 3348 Epigr.
900 3266 950 3340 24,
973 3270 1001 3323 3.
1029 3271 1122 3333 στίχον
1140 3267 1268 3343 1111118111

189 3350 332 3418 χαλκευιόν
351 3350 391 3406 ἐπ’
410 3347 524 3424 depono
551 3371 576 3410 c.
596 3360 710 3409 annott.
737 3347 847 3408 lacobs.
868 3344 990 3407 liuthol.
1022 3343 1130 3405 Graec.-
1146 3344 1181 3405 P.
1204 3342 1266 3403 Vll.

179 3449 219 3509 -p-
236 3428 307 3488 409.
330 3426 391 3489 Cic.
412 3428 432 3489 l.
451 3429 471 3489 Ι.
513 3429 578 3506 Ego
599 3440 719 3505 nutem,
737 3432 765 3488 si
783 3450 867 3511 quem
888 3448 963 3487 nune
981 3427 1072 3508 plane
1092 3424 1198 3485 rudem
1217 3427 1263 3484 in-

188 3512 276 3569 stitui
287 3509 337 3569 'ad
354 3510 508 3572 dicendum
529 3515 623 3587 eelim,
644 3513 690 3572 his
700 3514 799 3593 potius
812 3509 934 3575 tradam
957 3508 1085 3568 assiduis
1106 3528 1164 3568 uno
1181 3523 1267 3587 opero

190 3590 313 3651 sandrin
334 3593 469 3652 incudem
484 3594 561 3654 diem
581 3604 750 3676 nocteruque
764 3591 957 3651 tundentibus.
986 3591 1090 3649 Horat.
1104 3588 1173 3649 Art.
1189 3596 1266 3669 poet·

190 3694 218 3733 v.
243 3675 313 3734 441.
364 3675 404 3734 Et
432 3678 510 3736 male
547 3685 681 3736 tornatos
718 3674 820 3733 incudi
848 3672 972 3732 reddere
1004 3692 1112 3730 versus.
1173 3668 1266 3729 Pleut.

189 3754 327 3843 Pseudol.
346 3759 383 3830 ΙΙ,
405 3764 436 3831 2,
456 3765 504 3818 20.
525 3759 599 3817 haee
618 3758 692 3816 midi
704 3760 787 3815 incus
807 3765 870 3814 est.-
890 3752 1053 3836 prunedum
1064 3785 1101 3796 -
1112 3752 1179 3815 tim
1192 3748 1267 3810 mul·

165 3878 166 3881 .
190 3845 236 3896 tus
264 3836 355 3898 dolos.
404 3839 492 3920 Apud
513 3839 615 3899 Sidon.
636 3836 765 3919 Apollin.
792 3837 866 3916 Epp.
887 3839 964 3910 Vltl,
985 3837 1015 3896 4.
1044 3832 1155 3916 legitur
1174 3830 1268 3893 medi·

190 3921 311 3978 tutionis
337 3922 419 3979 incus
447 3932 477 3980 et
505 3925 555 3996 IV,
579 3924 605 3980 1.
631 3918 830 4002 philosophica
849 3917 954 3978 incude
972 3913 1143 3994 sommum
1171 3911 1267 3975 Carsu.

190 4003 241 4071 23,
266 4004 332 4057 130.
359 4001 406 4060 die
433 4021 497 4061 cum
525 4001 672 4081 semipede
690 4003 790 4061 stilum
814 4000 929 4080 polibat
955 3999 1138 4065 Smrrnaeue
1163 3993 1269 4071 incudo

190 4079 294 4139 doctus
310 4077 454 4160 officinae.
476 4081 522 4144 cf.
538 4083 673 4143 Diomed.
692 4082 758 4142 Art.
773 4102 863 4179 pram.
878 4080 941 4140 init.
956 4071 1088 4138 laudatus
1103 4077 1139 4138 ab
1156 4077 1269 4141 Osann.

155 4216 160 4231 ,
271 4162 720 4246 norrsulunsaudire-eolunt]
742 4161 882 4224 1111111.
909 4162 994 4224 otti!
1006 4180 1177 4242 excerpere,
1197 4158 1273 4243 nibil
