2634 4656
198 304 243 369 5⁰
522 300 681 384 Dialogus
702 302 741 363 de
765 298 950 363 oratoribus

197 474 296 546 sunt,
317 455 411 557 quod
431 455 505 531 sine
521 455 807 530 commendatione
823 454 1000 544 natalium,
1023 453 1098 527 siue
1116 450 1276 526 substan·

197 557 242 631 tia
264 557 476 645 facultatum,
511 573 629 629 neuter
658 555 808 628 moribus
837 554 1013 651 egregius,
1047 553 1132 625 alter
1157 550 1275 625 habitu

196 684 331 756 quoque
349 660 499 757 corporis
518 671 744 753 contemptus,
769 652 969 753 permultos
991 652 1057 725 iam
1080 679 1190 724 annos
1213 676 1274 750 po-

193 756 369 829 tentissimi
393 771 472 828 sunt
491 754 649 842 civitatis,
676 770 708 825 et
732 752 840 826 donec
856 751 974 840 libuit,
1001 751 1175 851 principes
1197 748 1278 839 lori,

269 947 437 1007 sultstantia
457 942 659 1026 facultatum]
693 946 899 1005 »Sutuanttao
927 942 1010 1025 (tq.
1032 933 1272 1020 odoraminum

189 1025 349 1109 indurante)
382 1025 501 1086 nomine
528 1039 665 1108 argentea
691 1040 767 1087 aetas
796 1026 958 1109 exprimere
986 1025 1100 1107 coepit,
1128 1021 1273 1105 quidquid

190 1110 302 1170 vellent
336 1106 460 1167 solidum
498 1121 694 1188 constansque
723 1108 753 1167 in
786 1108 874 1168 rebus
902 1105 1064 1187 appellare,
1101 1105 1270 1182 essentiam,

189 1203 340 1266 naturam,
363 1189 544 1250 existentiam
565 1191 654 1264 adeo,
684 1212 757 1269 quae
779 1212 859 1250 nunc
879 1189 979 1249 vocari
1007 1188 1110 1249 solet«
1144 1189 1270 1249 Gesner.

188 1271 278 1333 Tbes'.
306 1294 330 1332 s.
353 1294 380 1331 v.
409 1270 557 1353 Spalding.
585 1273 619 1331 ad
650 1272 754 1346 Quint.
776 1273 825 1330 Vl.
853 1291 985 1352 prooem.
1007 1276 1034 1330 7.
1066 1269 1172 1331 Aurel.
1194 1268 1270 1329 vict

189 1353 273 1436 Orig.
296 1354 334 1413 G.
355 1354 391 1413 n.
413 1354 492 1412 ΧΙΧ.
511 1363 701 1431 paternorum
717 1355 858 1412 bonorum
878 1354 1053 1412 substantia.
1080 1351 1173 1412 Paull.
1189 1350 1293 1427 seut,

187 1436 226 1510 ll,
246 1443 295 1496 28.
317 1434 345 1517 ξ
370 1440 395 1494 1.
425 1435 590 1494 substantia
619 1439 665 1493 rei
683 1435 859 1514 familiaris.
894 1434 1009 1494 Firmis.
1040 1435 1166 1493 Matern.
1190 1432 1270 1507 V,l·

185 1516 323 1597 Propriis
359 1526 458 1574 tamen
492 1517 641 1575 laboribus
674 1519 856 1576 substantiae
884 1515 1066 1594 facultatem
1102 1519 1269 1597 acquirens.

185 1598 264 1658 Dict.
285 1595 420 1660 Cretens.
441 1600 464 1673 l,
489 1602 535 1659 17.
548 1596 685 1676 facultas
706 1620 801 1681 opum.

141 1765 159 1787 ,.
268 1712 347 1769 alter
372 1710 474 1768 habitu
509 1730 621 1792 quoque
651 1714 784 1789 corporis
813 1706 1011 1790 contemptus]
1048 1708 1202 1783 Habitus,
1234 1716 1269 1769 nt

186 1793 291 1854 Graec.
317 1796 425 1866 σχῆμα,
455 1791 563 1850 dicitur
593 1792 628 1851 dc
657 1792 791 1873 corporis
813 1791 907 1850 forma
934 1813 966 1851 ac
984 1790 1110 1871 specie,
1139 1790 1177 1850 de
1205 1788 1268 1850 eius

184 1886 279 1948 motu,
302 1872 496 1953 dispositione
512 1872 681 1955 (Haltung).
701 1875 768 1933 'sac
791 1874 891 1933 Germ.
913 1875 941 1933 4.
961 1873 1081 1930 habitus
1101 1892 1267 1952 corporum.

183 1955 284 2038 Agric.
309 1959 355 2012 11.
381 1958 489 2034 positio
519 1955 594 2011 coeli
615 1957 786 2033 corporibus
811 1955 944 2013 halitum
966 1953 1055 2012 dedit.
1086 1952 1194 2028 Quint.
1214 1952 1267 2029 lx,

185 2041 216 2110 1,
240 2042 285 2096 10.
306 2038 382 2092 sicut
403 2039 433 2093 in
454 2036 641 2114 corporibus,
670 2037 788 2116 quibus,
815 2056 929 2117 quoquo
950 2035 1037 2094 modo
1057 2045 1126 2093 sunt
1148 2054 1267 2115 compo-

183 2121 262 2191 sita,
294 2120 392 2196 utique
420 2116 538 2173 habitus
559 2127 602 2173 est
624 2119 740 2196 aliquis.
780 2119 964 2196 Frequenter
992 2115 1183 2176 consociatur
1200 2134 1267 2176 cum

182 2218 249 2261 roc.
278 2199 373 2255 cultris
402 2194 469 2276 (qui
495 2194 625 2255 refertur
645 2199 680 2257 ad
701 2198 877 2257 exteriorem
904 2196 1054 2277 ornatum)
1083 2208 1134 2257 aut
1164 2198 1266 2257 cultus.

182 2278 251 2339 Tac.
278 2277 393 2359 Dialog.
423 2283 470 2337 12.
506 2278 561 2336 licta
585 2282 714 2359 primum
743 2280 846 2337 habitu
876 2282 1020 2359 cultuque.
1058 2278 1135 2338 Ann.
1167 2280 1190 2356 l,
1220 2284 1265 2339 10.

181 2360 333 2434 Augustus
363 2393 401 2404 -
430 2359 576 2441 quaedam
607 2361 643 2418 dc
672 2361 775 2419 halitu
806 2361 941 2442 cultuque
972 2371 1001 2418 et
1027 2363 1172 2419 institutis
1204 2363 1266 2419 cius

182 2445 296 2501 iecerat
313 2439 366 2500 ubi
386 2462 414 2499 v.
437 2443 513 2521 Rup.
536 2444 571 2513 ll,
593 2447 641 2501 59.
662 2442 744 2524 Virg.
767 2443 878 2524 Georg.
900 2445 923 2516 l,
945 2446 992 2500 52.
1015 2442 1134 2500 habitus
1155 2443 1265 2502 cultus-

183 2545 240 2607 qua
259 2525 398 2582 lucorum.
428 2523 496 2582 Tac.
519 2522 595 2582 Hist.
616 2525 652 2599 ll,
674 2530 722 2585 52.
755 2526 861 2584 uoltum
884 2524 1074 2602 habitumque
1094 2523 1217 2583 trahere
1235 2526 1265 2583 in

182 2606 319 2665 deterius.
361 2603 408 2665 Cf.
437 2604 584 2665 Boetticlt.
614 2606 684 2665 Lex.
714 2607 782 2666 Tac.
813 2604 948 2664 Bonuell.
978 2603 1084 2678 Quint.
1105 2626 1128 2664 s.
1151 2626 1182 2667 r.
1208 2606 1265 2665 1111-

181 2687 266 2746 ditus.
680 2684 704 2714 '⁴

260 2790 458 2870 potentissimi
476 2796 544 2845 sunt
566 2787 710 2871 civitatis]
748 2791 780 2848 ln
804 2788 920 2850 civitate
948 2788 1011 2849 sive
1032 2789 1264 2873 inter-reliquos

184 2870 262 2931 eires
284 2860 451 2948 eloquentia
479 2889 619 2927 summam
648 2871 807 2951 potentiam
837 2881 866 2931 et
885 2874 1095 2948 auctoritatem
1111 2871 1265 2934 consecuti

183 2963 263 3013 tunt.
292 2950 348 3009 Vd.
370 2947 445 3009 Dial.
470 2953 514 3008 13.
538 2949 650 3041 Histoe.
673 2954 707 3023 ΙΙ,
731 2956 779 3027 10,
802 2959 851 3011 53.
873 2954 923 3028 lV,
946 2958 972 3012 6.

268 3055 360 3113 donea
380 3050 481 3133 libuit]
502 3051 578 3112 Dial.
596 3057 645 3114 40.
686 3055 800 3125 Nostra
820 3078 934 3139 quoquc
954 3061 1074 3132 civitas,
1102 3057 1199 3119 danao
1217 3076 1275 3117 etr-0

184 3140 264 3198 ravit
283 3147 338 3195 etc.
374 3134 468 3193 Hand.
495 3135 594 3197 Turs..
611 3136 678 3197 Vol.
706 3138 741 3196 ll.
769 3160 797 3217 p.
826 3144 895 3199 295.
937 3137 1013 3198 »Ubi
1045 3138 1122 3199 ratio
1150 3134 1277 3201 deliniti¹

183 3217 327 3299 temporis
356 3227 401 3277 est
430 3214 569 3295 simplex,
597 3229 685 3299 atque
713 3218 821 3297 aliquid
849 3219 956 3279 dicitur
986 3221 1073 3280 simul
1101 3241 1168 3281 esse
1197 3240 1263 3281 cnm

185 3299 297 3372 aliare,
317 3309 368 3357 aut
386 3317 451 3356 esse
471 3299 506 3356 ad
527 3297 650 3378 aliquem
672 3322 766 3379 usque
784 3298 952 3376 terminum,
975 3301 1005 3360 in
1022 3323 1082 3381 quo
1098 3301 1178 3362 aliud
1194 3298 1263 3383 qujd
1287 3294 1293 3303 ¹

185 3393 338 3441 externum
359 3379 475 3438 accedat
498 3379 546 3439 vel
566 3380 691 3441 fortuito
711 3381 758 3441 vcl
778 3395 857 3442 certe
879 3404 939 3443 non
961 3404 996 3445 ex
1025 3383 1068 3443 rei
1089 3384 1264 3445 necessitate

89 3494 96 3507 ·
186 3473 237 3522 aut
258 3461 294 3521 dc
322 3459 464 3533 consilio,
494 3460 535 3521 ibi
555 3463 678 3543 ponitur
703 3463 885 3523 indicativus.
936 3463 1136 3525 Coniunctivo
1165 3456 1263 3525 autent

186 3542 271 3604 locus
291 3553 355 3615 est,
380 3540 431 3601 ubi
450 3541 605 3603 intercedit
625 3567 716 3605 nexus
737 3544 863 3624 partium
885 3546 1045 3626 temporis,
1074 3557 1104 3606 et
1123 3568 1172 3606 res
1192 3566 1263 3626 per·

93 3649 97 3657 ·
185 3636 274 3706 petua
299 3623 407 3683 dicitur
433 3623 463 3683 in
491 3624 572 3685 aliam
601 3627 733 3687 traducta
761 3648 844 3701 esse,
873 3626 935 3686 sive
960 3628 1017 3697 hoc
1046 3627 1097 3687 liat
1124 3626 1262 3702 consilio,

185 3706 250 3767 sive
271 3726 396 3767 caussa«
417 3706 485 3801 Pap.
506 3713 575 3767 296.
618 3710 667 3766 »ln
686 3729 720 3768 re
740 3708 896 3788 praeterita
914 3709 1077 3790 perlectum
1094 3730 1156 3783 non
1173 3706 1262 3789 poui-

186 3798 237 3847 tur
265 3788 322 3846 nisi
349 3786 524 3848 indicativo:
552 3788 754 3869 imperfectum
785 3802 815 3850 et
846 3789 1182 3870 plusquamperfectum,
1210 3787 1264 3851 ubi

181 3868 359 3950 intelligitur
385 3868 452 3928 finis
472 3869 582 3950 (usque
604 3871 674 3951 eo),
703 3892 819 3952 semper
844 3871 1030 3953 coniunctiva
1047 3871 1142 3933 forma
1162 3869 1262 3954 expri-

182 3960 351 4009 monturs-

260 4055 410 4130 prinaipes
420 4049 503 4134 fiiri]
525 4052 631 4128 Quint.
651 4056 716 4132 Xll,
740 4061 787 4131 11,
810 4061 837 4115 3.
881 4057 949 4115 Vidi
967 4091 1004 4102 -
1025 4077 1171 4116 summum
1189 4072 1261 4115 ora-

180 4141 295 4207 torem,
322 4133 486 4193 Domitium
511 4134 619 4213 Afrum
639 4171 680 4183 --
700 4159 786 4221 quam
809 4141 973 4220 praecipiam
988 4135 1087 4218 fluisse
1111 4137 1261 4218 quondam

70 4288 82 4305 l
170 4213 240 4294 fori
255 4234 314 4276 non
332 4224 399 4276 crat
419 4215 548 4278 dubium.
