2634 4656
187 255 250 315 192
282 273 287 281 “
507 247 669 331 Dialogus.
687 251 727 311 do
749 249 934 312 Oratoribus

571 402 599 459 o
618 419 644 459 a
662 418 702 473 p.
742 403 876 459 xxix.
959 361 960 366 Ν

178 533 180 538 ’
283 524 329 597 At
362 549 452 595 nunc
480 539 579 596 uatus
610 523 722 595 iulans
748 522 921 619 delegatur
946 522 1133 609 Graeculae·
1168 524 1266 600 alicui

187 623 343 710 ancillae,
374 623 426 694 eui
449 622 643 719 adiungitur
664 629 762 702 unus.
777 640 832 693 aut
852 621 935 694 aller
957 649 996 693 ex
1015 625 1176 699 omnihus
1197 648 1267 697 ser·

186 725 235 798 vis
263 723 459 824 plerumque
484 721 663 792 vilissimus
686 748 747 794 nec
781 721 936 819 cuiquam
963 725 1050 794 serio
1081 724 1266 797 ministerio

187 820 466 897 accommodatus.
516 817 646 891 Horum
669 817 793 892 sabulis
817 820 1043 894 meroribus
1067 823 1176 895 teneri
1201 838 1267 896 sta·

251 984 321 1070 Cap.
343 989 451 1047 XXlX.
491 986 534 1046 At
553 1007 629 1045 nuno
650 987 716 1064 etc]
748 984 793 1047 Cf.
823 1009 896 1067 quae
926 974 1043 1072 egregie
1069 989 1214 1072 praecipit
1233 991 1268 1053 de

172 1071 360 1152 ‘educatione
380 1089 541 1208 puerorum
562 1068 666 1143 Quint.
687 1069 711 1143 I,
736 1075 761 1129 1.
805 1070 853 1129 Ad
876 1066 933 1130 hoc
956 1084 1042 1151 caput
1062 1069 1268 1133 illustrandum

189 1149 301 1212 laciuut
326 1170 379 1214 uer
399 1172 414 1207 a
435 1157 466 1225 2,
489 1154 591 1209 6-8.
642 1148 762 1208 Utinam
788 1151 943 1211 liberorum
973 1163 1139 1212 nostrorum
1174 1175 1269 1213 morer

127 1243 128 1246 ’
190 1256 247 1294 non
267 1233 324 1312 ipsi
342 1231 547 1312 perderemus.
574 1229 736 1308 Infantiam
755 1235 858 1291 statim
879 1233 992 1293 deliciis
1011 1235 1160 1294 soluimus.
1188 1237 1268 1296 Mol·

191 1313 227 1376 lis
246 1316 305 1380 illa¹
321 1313 475 1384 educatio,
504 1332 591 1393 quam
619 1312 828 1386 indulgentiam
856 1335 1014 1391 posumus,
1040 1335 1155 1382 nereos¹
1171 1337 1269 1377 omnes

192 1392 221 1456 et
242 1395 348 1455 mentis
374 1403 403 1452 et
430 1396 558 1472 eorporis
577 1391 703 1471 frangit.
746 1393 827 1472 Quid
852 1417 908 1455 non
935 1395 1055 1455 adultus
1080 1401 1270 1479 concupiscet,

191 1481 241 1561 qui
260 1481 289 1535 in
311 1477 450 1556 purpuris
470 1473 568 1555 repit?
606 1474 743 1534 Nondum
761 1478 861 1556 prima
882 1477 969 1535 rerba
993 1480 1132 1559 exprimit
1157 1488 1188 1537 et
1209 1483 1270 1539 iam

191 1580 306 1621 coccum
328 1558 473 1628 intelligit,
495 1559 555 1613 iam
577 1556 755 1636 conchylium
767 1561 871 1637 poscit.
913 1556 992 1617 Ante
1010 1560 1146 1639 palatum
1169 1579 1270 1620 eorum

192 1661 280 1723 quam
302 1659 334 1696 os
354 1639 538 1696 instituimus.
572 1635 608 1694 In
631 1638 742 1694 lecticis
761 1648 909 1697 creseunt:
928 1642 956 1698 si
974 1650 1085 1698 terram
1105 1644 1271 1715 attigerint,

193 1719 363 1781 omanihus
384 1720 525 1800 utrimque
545 1719 745 1795 sustinentium
771 1719 907 1797 pendent.
947 1721 1136 1795 Gaudentius,
1157 1722 1272 1805 siquid

193 1805 327 1862 licentius
348 1800 485 1859 dixerint.
530 1799 623 1856 lierda
643 1819 678 1856 ne
698 1798 912 1859 Alexandrinis
934 1801 1053 1883 ,quidem
1070 1804 1271 1884 permittenda

194 1885 304 1942 deliciis
323 1884 383 1939 risu
407 1890 434 1938 et
456 1881 552 1939 osculo
569 1884 735 1960 excipimus.
756 1901 809 1938 nec
830 1883 955 1942 mirum:
975 1905 1027 1941 nos
1046 1883 1209 1957 docuimus,
1233 1906 1270 1944 ea

193 1966 276 2023 nodis
295 1963 460 2027 audieruut.
508 1961 635 2021 Nostros
655 1964 785 2034 arnicas,
815 1960 943 2022 nostros·
957 1964 1124 2024 concubinos
1156 1967 1270 2026 rident:

95 2094 99 2101 .
194 2065 278 2105 omne
300 2045 458 2103 conuiuium
481 2042 610 2114 obscenis
632 2044 765 2100 currtihus
783 2047 905 2123 strepit,
936 2045 1074 2123 pudenda
1103 2046 1187 2105 dictu
1207 2068 1271 2130 spe-

193 2120 319 2187 =(tantur.
367 2124 416 2181 Fit
444 2143 481 2178 eu
509 2123 555 2178 his
578 2124 772 2202 consuetudo:
801 2126 868 2186 inde
892 2137 1011 2185 natura.
1053 2127 1182 2187 Discunt
1200 2127 1271 2189 haec

194 2209 296 2267 miseri
314 2214 382 2262 ante
403 2223 492 2283 quam
510 2205 607 2260 sciant
628 2206 698 2260 ritia
719 2208 799 2262 esse':
819 2205 887 2264 inde
906 2208 994 2266 soluti
1012 2226 1050 2264 ac
1063 2207 1196 2288 fluentes
1215 2230 1271 2270 non

194 2280 376 2368 accipiunt'e
395 2285 502 2343 scholis
522 2285 603 2342 mala
624 2287 701 2358 ista,
722 2285 777 2343 sed
797 2289 827 2344 in
847 2289 965 2347 scholas
984 2285 1122 2365 afferunt.
1212 2298 1217 2308 “

279 2368 432 2441 delegatur
462 2365 628 2422 Graeculae
656 2367 746 2425 alicui
769 2369 907 2447 ancillae]
945 2369 1093 2443 Delegure
1114 2370 1146 2429 iu
1167 2391 1201 2431 re
1219 2391 1271 2451 pe·

195 2448 322 2513 cuniaria
343 2446 449 2506 dicitur
464 2447 499 2504 de
520 2445 652 2505 debitore
673 2459 723 2505 aut
738 2461 882 2528 emptore,
900 2450 959 2528 qui*
970 2451 1111 2510 creditori
1127 2463 1178 2511 aut
1198 2472 1270 2513 ven-

182 2531 286 2593 ditori
308 2550 367 2588 non
390 2531 452 2607 ipse
474 2526 564 2586 solvit
584 2549 618 2586 ex
639 2549 723 2603 arca,
752 2530 804 2588 sed
831 2531 867 2589 ad
888 2531 975 2590 alium
995 2531 1144 2607 amandat,
1173 2552 1270 2613 aquo

189 2617 251 2674 'sno
275 2608 395 2671 rionriue
416 2609 565 2689 pecuniam
587 2608 723 2688 accipiat,
754 2610 834 2689 quod
855 2611 963 2671 dicitur
987 2613 1098 2672 solvere
1115 2632 1172 2695 per
1193 2614 1271 2691 dele·

193 2699 352 2772 gationem.
406 2691 475 2749 lude
502 2687 625 2749 ceierae
648 2690 777 2751 rationes
798 2690 946 2770 loquendi
973 2691 1143 2768 fluxerunt,
1183 2716 1271 2775 quum

196 2775 360 2856 negotium,
383 2773 462 2851 quod
480 2770 536 2850 ipsi
559 2770 665 2847 lacere,
685 2783 734 2830 aut
757 2793 850 2844 onus,
872 2774 952 2853 quod
973 2773 1030 2855 ipsi
1051 2774 1201 2850 sustinere
1222 2776 1272 2836 de-

194 2856 354 2928 bebamus,
387 2851 447 2910 aliis
477 2851 664 2932 imponimus.
698 2853 766 2912 'sau
791 2853 892 2913 Germ.
915 2850 964 2914 20'.
994 2872 1047 2914 nec
1075 2848 1195 2915 ancillis
1220 2867 1272 2918 aut

195 2937 355 2997 nutricibus
382 2934 555 3007 delegantur
581 2955 604 2992 c.
631 2944 730 2992 annot.
760 2946 854 2993 nostr.
884 2937 1043 2995 Burmann.
1089 2937 1216 2997 Excurs.
1242 2936 1273 2997 iu

196 3021 278 3078 Suet.
298 3016 364 3075 Tih.
386 3036 429 3094 cp.
453 3019 499 3073 16.
520 3016 646 3096 Herzog.
667 3015 703 3074 ad
723 3012 805 3075 Caes.
825 3016 860 3075 B.
883 3017 921 3095 G.
946 3021 1023 3090 v111‚
1046 3023 1108 3076 22.Δ
1139 3017 1188 3078 De
1208 3039 1272 3079 voc.

196 3100 334 3158 Graecul.
361 3094 552 3174 'contemptim
579 3107 721 3174 usurpato
751 3097 799 3154 vd.
828 3109 927 3155 annot.
957 3098 993 3157 ad
1023 3097 1111 3157 Dial..
1129 3103 1159 3157 3.
1198 3099 1272 3160 Pliu.

196 3183 271 3260 Epp.
294 3181 332 3252 X,
353 3180 403 3248 34,
428 3183 456 3234 2.
497 3179 689 3235 Ramnetum
712 3175 818 3236 Graeci
837 3177 1013 3260 paedagogi,
1040 3177 1192 3254 nutrices,
1212 3200 1272 3241 ω-

215 3258 281 3319 istri
311 3255 495 3339 (philosophi
518 3289 554 3300 —-
579 3254 731 3336 rhetores)
758 3257 788 3316 iu
819 3279 925 3340 magno
962 3260 1076 3319 honore
1103 3272 1207 3335 erunt,
1239 3270 1275 3320 ut

194 3284 328 3400 {omines
350 3336 464 3396 nobiles
487 3346 516 3394 et
537 3337 640 3397 divites
662 3337 771 3397 liberos
795 3359 866 3398 suos
889 3339 925 3398 iis
947 3340 1113 3400 educandos
1135 3352 1169 3400 et·
1186 3340 1272 3402 insti·

193 3421 321 3482 tuendos
351 3414 576 3476 committerent.
623 3416 668 3476 cf.
697 3421 796 3477 luveu.
818 3426 848 3493 3,
870 3425 1011 3480 61-85.
1040 3427 1070 3496 6,
1095 3427 1154 3481 187
1171 3414 1216 3505 sq.
1244 3432 1274 3483 et

164 3565 168 3569 ,
195 3509 256 3566 293
272 3502 386 3580 sq.'14,
410 3505 428 3557 8
450 3510 480 3557 et
503 3502 569 3557 198.
598 3496 714 3557 Schulz.
733 3499 769 3558 ud
788 3498 815 3557 h.
838 3500 856 3558 l.
1125 3568 1130 3575 .
1252 3546 1257 3553 .

167 3578 168 3584 ἵ
278 3604 316 3642 ea·
338 3581 469 3640 omnihus
486 3584 576 3637 serris
600 3580 769 3660 plerumque
795 3581 958 3661 uilissimos]
994 3586 1022 3640 Α
1043 3579 1104 3642 Cic.
1126 3583 1206 3645 Lael.
1225 3590 1273 3647 20.

195 3669 320 3726 nutrices
345 3675 373 3720 et
399 3660 570 3741 paedagogi
595 3661 823 3741 coniunguntur.
873 3661 922 3720 Sic
946 3659 1059 3720 Claudii
1085 3665 1273 3744 Imperatoris

194 3747 321 3828 paedago
365 3766 392 3801 m
413 3741 565 3801 barbarum
593 3751 622 3798 et
646 3740 716 3799 olim
744 3740 1037 3820 superiumentarium
1063 3744 1157 3805 luisse
1184 3747 1275 3807 refert

196 3829 277 3887 Suet.
301 3825 401 3884 Caud.
423 3831 451 3882 2.
490 3823 543 3880 Vd.
566 3820 666 3879 Claud.
687 3821 722 3880 de
737 3821 907 3880 ¹nutricibus
931 3833 962 3880 et
980 3823 1156 3906 paedagogis
1180 3848 1225 3908 ep.
1246 3833 1275 3887 6.

277 3926 330 3964 nee
357 3909 490 3986 cuiquam
517 3907 594 3961 serio
619 3905 778 3960 ministerio
801 3902 1047 3980 accommodatus]
1083 3907 1275 3985 frequentis·

197 3987 267 4047 sima
296 3997 341 4044 est
369 3995 528 4043 structura¹
550 3983 733 4062 pronominis
762 3987 914 4064 quisquam
949 3982 1016 4041 loco
1044 3984 1183 4046 adiectivi
1210 4009 1274 4049 cum

195 4065 384 4127 substantivis
404 4063 617 4144 personalibus,
640 4063 716 4122 sicut
734 4067 886 4143 quisquam
903 4067 1084 4143 scriptor-
1101 4068 1196 4128 hostis
1210 4080 1276 4144 eta,

195 4151 232 4210 de
253 4169 310 4228 qua
329 4146 365 4206 es.
386 4143 602 4227 Stuereuburg.
621 4154 776 4206 comment.
792 4147 826 4202 11.
848 4144 884 4205 de
904 4157 1071 4224 prouomm.
1092 4169 1193 4229 iunia,
1212 4151 1276 4210 aul·
