2634 4656
111 280 278 347 ’ΒΜΓ
506 278 811 364 Protogenen&

120 436 287 511 contineri
315 450 418 537 quum
435 450 625 507 'cratonum
679 432 797 530 Quam
828 432 1046 550 ispesticam
1063 450 1194 536 ⁴artetttp

122 564 193 611 uon
218 525 356 637 quidem
376 562 445 609 ase
466 534 670 636 contemptui
686 534 852 623 habitam,
873 536 918 609 irs
937 533 1192 634 relinquendi
1215 552 1228 609 .“

118 664 197 711 esse
222 652 354 724 censet,
387 633 512 736 quibus
535 650 655 707 natura
676 632 720 707 ad
748 633 875 717 naiora
894 634 1066 735 pervenire
1091 632 1191 713 dens

122 735 269 835 puerit,
301 752 335 809 et
357 734 559 808 exhortatur
590 735 797 823 Maternum,
813 798 817 803 .
836 750 874 806 ut
906 732 1087 807 levioribus
1122 734 1193 813 ist’n
1224 736 1229 802 ἑ

119 835 257 911 omissis
290 834 336 908 ad
363 834 571 935 eloquentiae
602 833 795 930 grauitatem
827 832 965 922 redeat,
1000 832 1092 907 untle
1126 862 1195 909 nou
1226 826 1229 855 ³

119 936 231 1010 solum
255 935 420 1007 honorem
444 934 621 1021 maiorem,
653 933 715 1007 sed
735 934 942 1008 securitatem
967 932 1084 1022 etiam,
1110 960 1196 1035 quae

120 1035 328 1139 periclitetur
353 1034 389 1105 in
410 1031 614 1130 tragoediis,
638 1033 705 1105 sibi
731 1049 898 1134 comparet
924 1040 967 1125 (c.
998 1034 1082 1127 10.).
1130 1035 1198 1109 Ex·

120 1137 203 1237 cipit
229 1162 305 1207 euru
329 1134 519 1221 Maternus,
553 1159 623 1205 nou
648 1132 720 1206 sine
748 1132 810 1206 levi
834 1132 989 1205 irrisione
1018 1132 1197 1211 exordiens

121 1234 309 1309 orationem
330 1249 397 1307 tam
421 1231 555 1320 laetatu,
591 1231 639 1305 ita
662 1231 845 1306 luminibus
870 1231 1057 1305 distinctam
1085 1250 1117 1305 et
1142 1262 1202 1309 ra-

47 1408 56 1421 „
122 1336 259 1421 rictum,
283 1351 322 1406 ut
343 1360 508 1407 summum
532 1348 650 1432 poetae
671 1331 824 1405 ardorem
850 1332 885 1404 in
911 1359 955 1405 re·
973 1358 1032 1405 sua
1055 1334 1196 1409 tuunda

122 1434 220 1509 facile
251 1460 415 1529 agnoscas
446 1440 491 1527 (c.
516 1434 715 1530 1-1-13.).
765 1430 982 1532 Eloquentiae
1011 1430 1196 1532 uoluptates

122 1536 154 1609 is
174 1562 237 1635 pro
259 1533 365 1605 nihilo
384 1532 494 1619 ducit,
520 1530 691 1605 utilitatem
713 1531 842 1603 cius-in
860 1560 991 1604 morum
1007 1531 1196 1607 innocentia

121 1651 243 1731 negat,
273 1651 304 1706 et
328 1633 449 1705 samam
477 1632 573 1705 etiam
598 1633 756 1704 maiorem
778 1632 890 1731 parari
916 1629 1118 1705 carminibus
1142 1634 1193 1705 ul·

121 1735 250 1823 firmat,-
273 1732 438 1834 quianon
461 1731 504 1805 ad
528 1730 682 1831 aequales
707 1730 815 1803 solutu
836 1731 1041 1831 pertineant,
1064 1728 1125 1803 sed
1149 1730 1196 1805 ad

16 1842 20 1850 “
109 1862 255 1909 omnem
281 1832 505 1935 posteritatem
534 1832 693 1929 duratura
717 1830 891 1903 tradantur
917 1838 961 1929 (c.
990 1832 1080 1929 ll.).·
1131 1832 1196 1905 So·

120 1934 295 2013 litudiuem
320 1950 428 2005 autem
451 1932 535 2004 adeo
559 1958 631 2003 esse
647 1948 849 2028 angustam,
875 1947 1008 2031 utprae
1029 1933 1197 2005 calorem

121 2035 169 2107 sis
195 2051 261 2107 stre
285 2032 352 2106 itus
377 2030 511 2104 sordeat
535 2047 567 2104 et
592 2030 743 2116 vilescat3
774 2028 979 2131 quidquod
1003 2056 1104 2103 aurea
1129 2033 1197 2105 iam

122 2150 228 2207 ectate
251 2063 390 2205 ciborum
417 2128 633 2239 coquentibus
658 2129 817 2203 interesse
848 2131 955 2229 poetis
985 2126 1135 2221 licuerit,
1165 2146 1198 2205 et

117 2233 308 2307 recentiore
328 2254 467 2331 'quoque
492 2246 639 2329 tempore
662 2231 799 2303 summis
823 2230 901 2303 viris
930 2246 961 2303 et
984 2228 1197 2331 principibus

122 2332 208 2429 'grati
237 2332 304 2405 siut
337 2348 436 2446 atque
470 2330 618 2430 accepti,
650 2329 807 2429 omnique
821 2340 824 2345 '
839 2346 1009 2430 praeterea
1044 2356 1125 2404 cura
1157 2358 1197 2405 uc

120 2431 343 2507 sollicitudine
362 2430 461 2504 bberi
487 2436 532 2529 (c.
559 2430 606 2503 12
630 2445 662 2503 et
688 2431 772 2525 13.).

123 2588 127 2595 -
220 2534 270 2607 Ita
298 2558 376 2621 res,
408 2558 494 2631 quae
521 2529 559 2603 in
583 2529 720 2605 exordio
749 2528 954 2631 disceptatur
978 2544 1010 2602 et
1040 2557 1128 2630 quae
1156 2532 1194 2608 itt

121 2632 385 2749 comparatione,
416 2647 493 2704 utra
526 2657 580 2703 ars
611 2630 833 2731 praestantior
867 2628 931 2716 sit,
971 2630 1116 2705 oratoria
1147 2658 1191 2706 en

119 2750 272 2835 poetica,
295 2730 499 2819 continetur,
521 2728 565 2801 ad
588 2728 688 2803 finem
707 2727 871 2831 perdocte
892 2743 961 2816 est;
995 2757 1095 2829 quem
1120 2728 1194 2804 ‹lis-

120 2831 303 2935 putationis
329 2829 508 2905 decursum
542 2845 657 2902 auctor
685 2857 724 2903 eo
759 2828 896 2902 mirilice
924 2826 1065 2918 adiuvit,
1099 2829 1194 2933 qnod

144 2932 234 3006 riore
265 2930 328 3004 illa·
342 2956 386 3005 ‚re
410 2926 554 3007 breviter
578 2933 726 3031 exposita
750 2929 896 3001 sermoni
921 2928 1194 3006 intervenientem

117 2960 215 3107 buerit
244 3031 444 3133 Vipstanum
480 3027 688 3121 Messallam,
728 3025 1001 3103 interlocutorem-
1023 3046 1191 3128 quartum.

119 3130 190 3228 Qui
212 3158 288 3206 cum
310 3129 489 3203 adveutum
509 3156 629 3219 suum,
655 3129 700 3213 im
746 3144 881 3203 munum
903 3127 1045 3201 sortasse
1068 3145 1101 3201 et
1119 3156 1193 3205 mo-

117 3231 255 3322 lestum,
278 3245 467 3305 excusasset
487 3245 520 3303 et
544 3256 564 3303 a
585 3156 746 3304 Secunrlri¹
764 3226 1046 3331 depraegressae
1067 3228 1192 3305 oratio·

117 3333 171 3407 nis
189 3346 385 3429 argumento
409 3329 526 3430 paucis
551 3328 672 3403 certior
701 3330 819 3403 factus
833 3344 939 3415 esset,
983 3326 1190 3405 vehemente

118 3459 156 3505 se
178 3430 335 3505 delectari
357 3427 549 3545 profitetur,
574 3428 668 3529 quod
692 3446 725 3502 et
741 3426 918 3501 Secundus
938 3422 1023 3500 ultra
1045 3426 1082 3500 in
1105 3427 1191 3503 litte·

117 3530 166 3604 ris
187 3546 388 3631 processerit
410 3544 443 3603 et
457 3530 572 3630 Aper,
606 3527 812 3602 scholasticis
843 3527 1074 3600 controuersiis
1103 3552 1188 3601 uou-

118 3631 199 3703 elum
215 3628 358 3719 relictis,
382 3629 486 3703 otium
503 3656 601 3701 suum
616 3655 779 3701 uovorum
795 3625 965 3698 rhetorum
981 3654 1072 3699 ruore
1090 3652 1191 3727 quam

117 3730 330 3829 antiquorum
355 3724 530 3803 oratorum
554 3726 646 3801 malit
669 3752 863 3801 consumere
885 3731 929 3822 (c.
955 3725 1038 3824 14).
1101 3724 1191 3819 Qui·

116 3829 182 3907 bue
208 3828 307 3903 tlictis
328 3831 495 3903 'incensus
526 3828 621 3927 Aper
645 3827 834 3927 suspicatur
856 3822 1044 3899 Messallam
1068 3849 1192 3898 novant

117 3928 325 4029 eloquentiae
340 3929 480 4002 fmmam
503 3926 597 4025 parui
610 3924 803 4016 aestimare,
826 3924 965 3999 nimium
987 3924 1191 3999 tribuentem

97 4028 327 4129 antiquorum
348 4025 587 4131 praestantiae,
622 4025 770 4126 quamvis
793 4044 826 4101 et
850 4027 923 4130 ipse
945 4040 976 4096 et
997 4026 1099 4099 frater
1118 4020 1190 4096 elo-

115 4128 269 4231 quentiae
301 4126 400 4201 laude
428 4124 569 4201 maxime
603 4123 757 4217 floreant3
794 4144 913 4202 contm
936 4123 1094 4199 Messalla
1116 4150 1190 4197 uon

114 4231 187 4305 sine
210 4242 281 4305 arte
300 4226 517 4303 summitate
537 4227 678 4332 Aprum.
696 4227 747 4305 rel
769 4228 883 4330 ipsum
908 4252 948 4299 ea
973 4225 1010 4300 in
1031 4252 1070 4299 re
1101 4250 1123 4300 a
1149 4248 1190 4300 se
