2634 4656
111 239 178 312 240
429 236 584 320 Dialogus
606 241 644 299 de
667 236 848 299 Oratoribus

111 423 179 470 rem
205 391 372 495 cogitare,
393 388 484 469 nihil
510 387 648 482 humile,
679 390 762 464 nibil
786 389 949 466 abiectum
976 389 1091 494 eloqui
1115 420 1212 495 pos·

110 510 201 568 terat.

485 681 806 755 oap.xxxv1.

129 819 147 881 .'
207 824 332 922 Magoa
366 821 550 921 eloquentia
584 822 669 894 sicut
698 822 989 898 flammamateria
1013 824 1116 900 alitur
1143 845 1172 903 et

53 1004 57 1016 ,
111 925 255 1004 nrotibns
283 924 438 996 excitatur
463 939 494 993 et
519 921 645 994 urendo
672 923 827 995 clarescit.
878 926 1002 997 Eadem
1029 927 1116 1000 ratio
1139 929 1171 1001 in

111 1044 225 1121 nostra
249 1051 381 1123 qnoque
404 1021 529 1094 civitate
552 1022 759 1120 antiquorum
777 1021 995 1124 eloquentiam
1015 1031 1170 1125 provexit.

51 1148 52 1152 ’
111 1124 283 1223 Namqtsi
308 1121 425 1192 horum
451 1149 583 1220 qnoque
609 1137 791 1220 temporum
818 1141 965 1198 oratores
996 1153 1172 1202 eaconse·

115 1270 161 1305 ..cg
257 1259 262 1279 ⁸
293 1286 309 1301 ,.

24 1355 27 1370 ·
110 1326 275 1388 breviorem
285 1341 428 1403 apponere
441 1318 538 1382 lubet:
558 1320 727 1399 ”Sequentia
735 1321 1052 1402 eloquitnrMaternus,
1074 1326 1172 1408 quesis-

111 1408 265 1470 admodum
297 1404 390 1465 exitus
420 1402 524 1484 dialogi
553 1402 695 1479 ostendit,
731 1425 792 1463 non
822 1408 993 1483 Secundus,
1023 1431 1098 1488 quae
1126 1411 1171 1471 Ul.

112 1489 234 1552 Beckeri
247 1488 426 1564 aliorumque
447 1485 588 1544 sententia
607 1496 658 1544 est.
700 1487 847 1546 Maternus
870 1501 1026 1550 oratorum*
1041 1502 1172 1552 veterum

33 1570 36 1580 ’
113 1595 181 1656 prae
204 1570 287 1630 novis
314 1565 512 1649 praestantiam
535 1587 569 1625 ex
593 1565 708 1626 turbida
735 1569 840 1628 veteris
856 1570 912 1630 v‘rei
938 1571 1073 1651 publicae
1102 1595 1170 1635 con·
1209 1584 1213 1593 ’

114 1655 229 1716 dicione
250 1650 442 1731 explicaturus
464 1647 595 1727 paulatim
616 1649 741 1730 assurgit
760 1663 799 1723 et,
822 1663 973 1730 postquam
989 1653 1172 1718 incitamenta

113 1735 225 1816 antiqui
246 1731 368 1792 oratoris
398 1741 427 1789 et
451 1729 573 1810 praemia
600 1731 764 1809 percensuit
792 1732 970 1813 formamque
997 1735 1170 1798 iudiciorum

80 1881 81 1885 ,
114 1831 145 1880 et
173 1813 411 1879 consuetudinem
438 1811 518 1892 prius
548 1811 640 1870 minus
669 1813 830 1872 adstrictam
858 1815 1027 1896 descripsit,
1054 1830 1172 1900 postre-

58 1896 62 1903 ”
114 1923 192 1961 mum
216 1897 254 1978 (c.
274 1893 337 1974 40.)
366 1895 444 1974 qnod
472 1893 559 1952 sentit
585 1894 770 1972 pronuntiat,
799 1895 992 1975 eloquentiam
1021 1920 1087 1959 esse
1110 1901 1173 1961 alu-'

84 1984 86 1993 '
113 2003 208 2043 mnam
228 1977 377 2049 licentiae,
398 1976 522 2054 ideoque
542 1975 615 2054 apud
635 1978 789 2055 antiquos,
817 2000 881 2037 cum
902 1978 1025 2038 licenter
1043 1995 1170 2064 agerent,
1201 2020 1203 2027 ·

115 2084 177 2123 eam
198 2072 287 2120 artem
307 2057 452 2138 viguisse,
479 2056 619 2126 sedium,
648 2077 710 2115 curn
732 2069 824 2117 amota
842 2059 955 2125 licentia
976 2063 1109 2126 modeste
1128 2066 1171 2125 vi·

114 2156 251 2214 veretur,
274 2140 390 2198 fractam
411 2159 474 2196 esse
494 2137 646 2196 notabilem
662 2139 768 2216 prioris
790 2140 851 2198 aevi
865 2142 1069 2221 eloquentiam.
1111 2146 1169 2224 Qui

114 2223 243 2286 Secundi
270 2221 429 2279 orationem
452 2218 518 2276 hnic
539 2219 620 2297 operi
645 2218 780 2280 insertam
801 2222 889 2295 luisse
910 2224 1094 2302 existimant,
1118 2228 1168 2289 tat-

116 2330 175 2368 sam
200 2301 370 2364 sententiam
388 2309 424 2360 ex
437 2320 463 2360 e.
483 2305 527 2358 1‘6.
549 2299 713 2359 hauserunt.
753 2304 811 2363 Sed
830 2325 889 2363 non
911 2318 955 2364 est
974 2307 1038 2387 ipse
1061 2311 1169 2371 Secun-

116 2391 171 2450 dus
192 2386 240 2467 qui
264 2406 294 2447 se
315 2384 459 2453 dicturum
479 2380 519 2440 ibi
538 2381 775 2462 promittit,‘sed
796 2386 941 2445 Maternus
961 2389 1123 2468 pollicetur
1139 2410 1168 2454 se

115 2484 146 2533 et
166 2468 331 2530 Secundum
351 2476 538 2525 exsecuturos
560 2485 605 2522 eas
627 2477 736 2544 partes,
759 2489 827 2545 quas
849 2468 1047 2530 intellexerint
1062 2474 1168 2535 Messa-

115 2553 172 2614 lam
194 2573 254 2610 uon
279 2560 335 2607 tam
361 2546 492 2606 omisisse
516 2568 599 2625 quam
619 2546 687 2626 ipsis
716 2547 882 2626 reliquisse;
914 2565 1054 2630 quaeest
1076 2554 1167 2616 bono-

115 2635 196 2696 rifica
224 2630 306 2691 amici
334 2629 584 2701 commemoratio,
613 2627 684 2685 nihil
715 2630 843 2708 amplius.
897 2633 955 2691 Sed
982 2633 1101 2715 gravius
1126 2648 1168 2699 est

5 2766 7 2771 .
80 2779 85 2785 ⁶
116 2716 197 2796 quod
218 2736 252 2791 ex
272 2713 329 2770 fine
348 2710 453 2790 dialogi
476 2709 582 2788 liquide
600 2722 715 2789 apparet
737 2708 901 2771 Secundum
921 2735 981 2773 non
1002 2737 1068 2777 esse
1089 2718 1167 2780 locu-

45 2791 48 2805 *
116 2811 194 2857 tum.
228 2796 299 2853 Nam
318 2795 465 2852 Maternus
483 2802 549 2871 post
568 2791 676 2849 finitam
696 2793 854 2853 orationem
874 2817 1029 2878 assurgens
1043 2801 1168 2880 Aprum·

117 2900 174 2958 que
194 2875 359 2955 complexus
379 2875 442 2933 sore
463 2872 541 2945 dicit,
562 2884 595 2931 ut
613 2873 674 2953 ipse
687 2874 798 2954 Aprum
818 2879 931 2955 poetis,
953 2879 1078 2942 Messala
1098 2903 1168 2943 eun·

117 2962 182 3021 dem
203 2956 368 3036 antiquariis
389 2954 625 3036 criminarentur:
648 2955 697 3014 sed
711 2957 792 3036 Aper
805 2958 845 3016 »ad
858 2959 1021 3019 Maternum
1042 2984 1075 3023 ac
1092 2966 1169 3026 Mes·

118 3042 203 3103 salam
232 3059 389 3099 conversus
419 3057 505 3118 »ego«
532 3035 626 3114 inquit
652 3040 721 3097 svos‘
749 3038 914 3100 rhetoribus
939 3043 1169 3108 et'scbolasticis

117 3118 345 3205 (criminabor).«
394 3118 483 3177 Vides
512 3138 611 3176 omnes
639 3118 689 3197 qui
715 3119 805 3179 locuti
831 3133 911 3181 erant
940 3129 1169 3205 commemorari,

48 3243 52 3250 .
118 3205 282 3267 Secundum
309 3212 478 3279 ceterosque
500 3198 548 3279 qui
568 3198 715 3259 audierant
735 3201 849 3261 silentio
876 3206 1045 3266 transmitti.
1076 3209 1169 3276 ¹Aliud

116 3287 203 3348 falsae
221 3284 298 3343 illins
319 3282 463 3363 opinionis
484 3279 738 3341 adminiculnm'ad
760 3305 803 3364 cp.
819 3287 866 3344 to.
888 3286 1105 3364 [admovebant,
1121 3290 1169 3353 ubi

117 3368 224 3429 nullam
238 3366 366 3425 lacunam
380 3363 479 3423 statuit
494 3363 562 3439 bit]
578 3362 717 3423 subruere
732 3365 848 3444 placet«
877 3367 950 3426 Mihi
970 3368 1088 3448 quidem
1104 3373 1170 3435 haee

118 3444 261 3511 sententiis
286 3445 463 3527 probabilior
483 3443 597 3504 videtur
618 3466 701 3523 quam
727 3447 848 3506 Beckeri
873 3448 923 3520 al.;
953 3451 1004 3510 sed
1024 3466 1121 3516 tamen
1140 3455 1170 3517 iu

118 3553 201 3593 causa
221 3543 278 3589 tam
299 3527 425 3601 difficili,
451 3525 557 3604 inqua
578 3527 725 3587 nonsatis
752 3527 875 3608 liqueat,
903 3532 1097 3613 ampliandum
1117 3558 1170 3620 po-

115 3615 175 3675 tius
197 3633 280 3693 quam
300 3622 405 3670 certam
425 3606 594 3682 sententiam
608 3607 679 3667 ferri
698 3629 784 3689 posse
804 3626 917 3684 censeo.

178 3741 246 3820 Cap.
267 3739 400 3797 XXXVl.
437 3733 584 3818 clarescit]
620 3737 700 3796 »Hoc
719 3735 838 3796 verbum
859 3735 962 3799 nitoris
984 3755 1014 3803 et
1035 3746 1170 3826 splendo-

104 3824 157 3883 ‚ris
186 3822 306 3901 aliquam
337 3817 581 3900 significationem
606 3817 708 3892 habet,
744 3831 778 3878 ut
804 3821 948 3904 Spalding.
977 3826 1079 3887 docuit
1113 3841 1171 3889 not.

118 3906 181 3964 crit.
202 3905 236 3961 ad
258 3901 359 3977 Quint.
381 3903 449 3958 lust.
471 3921 513 3959 or.
536 3906 564 3973 6,
586 3902 616 3975 4,
632 3904 664 3958 ι9.
686 3899 750 3960 coll.
772 3904 884 3983 Zumpt.
904 3904 969 3963 Vol.
986 3908 1021 3966 V.
1044 3932 1073 3991 p.
1089 3914 1171 3972 342«
1207 3866 1214 3943 l

118 3984 262 4045 Eckstein.
282 3983 312 4052 in
332 3981 384 4041 Ed.
402 3981 516 4040 Walth.
554 3982 602 4041 Sic
624 3980 726 4056 Quint.
742 3985 789 4055 lll,
806 3991 834 4056 8,
851 3989 897 4043 61.
918 3989 961 4046 ita
982 4013 1072 4070 quum
1088 3994 1173 4053 acrba

117 4069 202 4128 rebus
223 4074 375 4145 aptentur,
402 4067 463 4143 ipso
484 4067 626 4122 materiae
642 4067 734 4122 nitore
755 4067 923 4125 clarescunt.
963 4070 1009 4131 De
1032 4073 1172 4155 eloquen.

117 4150 173 4210 tiae
191 4159 258 4208 ortu
278 4158 308 4207 et
328 4145 465 4227 dignitate
485 4146 531 4225 od.
551 4143 709 4205 Bernhard.
730 4149 831 4207 Roem.
852 4147 907 4206 Lit.
926 4170 954 4228 p.
973 4157 1036 4214 284
1050 4178 1094 4236 sq.
