2634 4656
199 243 261 304 teo
483 212 491 230 “
532 242 691 324 ntaugas
711 244 749 303 a.
775 240 959 347 amunta
1030 302 1034 307 ,

193 395 323 489 Perge,
348 392 458 492 inquit
481 395 676 482 Maternus,
703 409 735 464 et
758 420 862 491 quum
886 393 928 469 de
943 390 1092 492 antiquis
1112 390 1269 491 loquaris,

193 509 285 565 utere
312 493 447 589 antiqua
472 493 642 580 libertate,
667 521 686 566 a
710 520 778 592 qua
800 491 851 567 vel
876 493 985 590 magis
998 491 1270 588 degeneravimus

194 618 295 689 quam
320 589 364 662 ab
388 591 584 692 eloquentia.
1161 606 1165 613 '
1249 630 1252 637 ·

445 743 450 754 i
554 760 966 865 (ltalnxxvllI.¹
1041 758 1044 765 ἵ

288 915 333 990 Et
357 911 526 1000 Messalla,
553 915 629 988 Non
656 914 856 1003 reconditas,
882 910 1047 999 Materne,
1073 937 1195 985 causas
1220 936 1268 985 re-

190 1015 317 1114 quiris,
349 1042 412 1087 nec
443 1030 500 1085 aut
531 1014 593 1105 tibi
626 1012 708 1112 ipsi·
726 1030 782 1086 aut
811 1013 891 1087 huie
920 1011 1077 1085 Secundo
1111 1009 1163 1083 vel
1195 1009 1269 1083 Iunio

189 1113 284 1215 Apro
310 1112 459 1209 ignotas,
486 1111 714 1185 etiamsintihi
739 1128 852 1210 partes
875 1100 1267 1207 assignatis-prolerentli

187 1213 224 1285 in
245 1211 413 1298 medium,
438 1238 523 1309 quae
546 1237 661 1283 omnes
688 1210 859 1302 sentimus.
911 1210 998 1308 Quis
1023 1208 1110 1281 enim
1138 1202 1269 1318 ignorat

189 1327 221 1386 et
242 1309 464 1410 eloquentiam
491 1325 523 1382 et
548 1327 672 1383 ceteras
696 1325 782 1380 artes
809 1302 988 1382 descivisse
1015 1304 1057 1378 ab
1079 1306 1136 1378 illa
1163 1321 1268 1377 vetere

188 1408 296 1506 gloria
317 1437 385 1482 non
411 1408 527 1508 inopia
552 1407 745 1494 hominum,
781 1406 842 1479 sed
872 1406 1002 1483 ‚tlesidia
1027 1404 1210 1478 iuventutis
1239 1419 1270 1491 et

187 1579 307 1636 relictus
321 1538 457 1672 parentis
477 1572 618 1653 affectum
641 1540 782 1635 ealiluit.
802 1577 856 1652 tv,
880 1550 926 1637 ts.
946 1548 1011 1634 init.
1031 1573 1112 1649 VIII,
1137 1576 1185 1633 11.
1206 1570 1268 1631 init

66 1712 68 1716 .
176 1660 270 1725 ,Suet
291 1659 351 1717 Ttt.
373 1664 401 1716 8.
843 1682 868 1725 η

267 1769 349 1817 utere
373 1762 495 1839 antiqua
524 1756 677 1839 libertate]
717 1759 763 1818 Ex
796 1756 897 1817 multis
926 1755 1001 1817 loeis
1029 1753 1143 1830 Taciti,
1180 1751 1268 1813 Plinii

186 1839 334 1913 Secundi,
365 1838 540 1914 Quintiliani
563 1839 598 1898 al.
619 1838 745 1922 intelligi
765 1834 883 1920 potest,
912 1838 943 1896 in
965 1849 1074 1917 quanto
1091 1835 1216 1895 -honore
1236 1856 1267 1896 ac

184 1920 270 1981 laude
289 1920 366 2000 apud
386 1917 535 1979 Romanos
569 1921 624 1979 sub
654 1921 881 2001 Imperatoribus
901 1918 993 1978 suerit
1021 1917 1180 1996 antiquitas
1204 1914 1266 1996 (td.

184 2002 261 2060 Dial.
291 1999 364 2080 16.),
394 2001 628 2075 eiusinstituta,
658 2023 896 2084 mores,.genus
918 1998 1052 2074 dicendi,
1087 1997 1265 2077 eloquentia,

183 2082 310 2159 denique
328 2080 424 2139 omnia
447 2082 523 2140 dicta
542 2081 691 2160 factaque,
713 2102 870 2162 quaecum
891 2081 1017 2159 antiquis
1039 2091 1164 2160 possent
1185 2101 1264 2140 eom-

183 2163 287 2243 paraei.
333 2160 377 2221 CI.
399 2160 552 2234 Dial.,28.
584 2163 659 2222 Plio.
680 2166 755 2244 Epp.
775 2168 811 2237 11,
832 2169 862 2238 9,
883 2166 912 2224 4.
949 2166 1000 2236 Ν,
1022 2167 1052 2236 3,
1077 2167 1093 2221 1
1116 2172 1146 2220 et
1167 2163 1198 2222 4.
1227 2167 1262 2234 V,

184 2249 214 2318 1,
238 2247 284 2301 11.
306 2246 356 2315 vt,
376 2246 427 2316 21,
451 2247 475 2300 1.
506 2246 570 2316 VII,
592 2249 642 2318 33,
666 2249 694 2303 9.
721 2247 828 2327 Paneg.
849 2250 898 2304 76.
927 2241 1002 2303 Vell.
1024 2243 1087 2302 Pat.
1108 2245 1147 2317 11,
1171 2249 1221 2301 78.
1239 2262 1262 2301 e.

182 2335 282 2383 annot.
307 2322 423 2383 Ruhnk.
453 2325 520 2383 Tac.
542 2323 618 2382 Hist.
640 2329 664 2398 I,
684 2326 730 2385 14.
758 2329 796 2403 ΙΙ,
817 2333 835 2385 5
859 2337 889 2386 et
911 2328 959 2385 64.
989 2323 1095 2398 Quint.
1114 2326 1141 2400 Ι,
1164 2329 1195 2399 6,
1216 2327 1263 2383 39.

181 2409 220 2482 ιι,
240 2411 270 2480 5,
292 2410 341 2466 23.
366 2408 416 2480 nt,
438 2410 468 2480 a,
492 2409 518 2465 1.
546 2409 609 2480 xn,
633 2411 680 2481 11,
700 2413 749 2476 22.
1070 2432 1073 2437 ·

164 2560 168 2568 ,
265 2512 286 2565 a
310 2527 367 2588 qua
390 2507 435 2565 ael
453 2510 549 2581 magis
571 2500 827 2590 degeneravimus]
844 2570 848 2577 p
864 2508 953 2568 Solus
975 2506 1049 2568 cot.
1069 2505 1159 2566 vind.
1181 2504 1261 2567 exhi-

179 2588 232 2656 bet
248 2609 284 2663 a,
310 2589 388 2667 quod
404 2587 572 2667 postulante
586 2589 742 2650 Latinitate
763 2589 958 2670 (degentiam
971 2590 1017 2667 ab
1038 2587 1137 2667 aliquo
1159 2587 1207 2647 vel
1228 2586 1261 2646 ab

115 2714 122 2724 .
179 2668 274 2748 aliqua
299 2691 331 2728 re
358 2671 426 2728 Tac.
445 2670 523 2728 Ilist.
543 2674 592 2744 III,
614 2677 662 2730 28.
687 2672 788 2731 Germ.
810 2670 876 2752 45.)
899 2692 965 2731 cum
984 2669 1112 2730 Pithoeo
1133 2680 1165 2728 et
1184 2669 1261 2750 Lips.

179 2748 425 2828 interposuerunt
444 2750 516 2809 Edd.
536 2771 616 2829 seqq.

243 2856 313 2937 Cap.
336 2859 470 2918 XXVIII.
505 2881 563 2920 ,nea
582 2871 636 2922 aut
662 2844 804 2943 atti'ipst‘
818 2869 872 2919 aut
891 2861 958 2921 lanio·
976 2860 1112 2931 Secundo
1135 2860 1183 2919 nal
1198 2860 1262 2920 buia

180 2938 281 3021 Apro]
304 2941 371 2999 Tae.
392 2939 469 2999 Hist.
490 2944 526 3015 11,
549 2947 596 3001 76.
624 2962 677 3000 aaa
698 2942 838 3001 aduersus
863 2945 1065 3003 cautissimam
1085 2941 1199 3000 liberii
1216 2962 1260 3001 se-

178 3031 337 3092 nectutem,
361 3042 396 3079 aa
418 3030 523 3080 contra
543 3023 616 3081 Gaii
635 3023 750 3107 quidem
770 3032 824 3082 aut
843 3022 964 3081 Claudii
983 3024 1028 3082 ool
1046 3022 1176 3091 Neronis
1187 3018 1259 3103 fita·

180 3103 284 3162 datam
314 3103 397 3176 longo
426 3106 547 3183 imperia
577 3102 695 3163 domum
725 3107 918 3179 exsurgimus
947 3103 1025 3162 Ann.
1045 3108 1123 3177 XIV,
1145 3108 1175 3163 3.
1216 3100 1259 3164 Cl'·

178 3183 379 3263 Hand.·ans.
401 3184 467 3241 Vol.
485 3188 508 3241 1.
527 3204 556 3264 p.
577 3187 637 3244 548
652 3207 695 3264 sq.
717 3194 772 3244 nec
792 3184 821 3243 h.
842 3184 861 3243 I.
881 3184 1052 3263 immemor,
1073 3184 1125 3265 qui
1145 3186 1193 3246 ael
1210 3205 1259 3245 ex-

176 3264 264 3344 plicat
284 3265 405 3341 peresi
426 3267 535 3339 etiam,
558 3267 602 3342 nel
621 3269 650 3325 si
668 3267 717 3324 vis.
859 3273 868 3282 '
977 3286 992 3296 ’·
1076 3277 1079 3281 ’

255 3360 375 3423 'etiamsi
394 3366 467 3422 mila·
483 3376 587 3444 partes
607 3365 785 3450 assz'gnatis]
807 3378 836 3428 et
855 3371 932 3427 anim
954 3371 1015 3428 iam
1035 3372 1064 3428 si
1082 3366 1158 3430 cot.
1173 3369 1260 3431 Fara.

176 3454 206 3504 et
234 3446 295 3503 iam
325 3445 398 3503 miti
427 3442 520 3505 Codd.
547 3447 613 3506 Par.
640 3449 729 3509 Vind.
757 3461 828 3511 vett.
857 3449 930 3509 Edd.
958 3454 1086 3510 reiocat.
1107 3472 1127 3510 a·
1143 3449 1257 3512 Drouls

128 3578 131 3584 .
162 3526 287 3604 Osann.
311 3524 403 3610 Orell.
426 3523 467 3605 (c.
487 3526 632 3608 asterisc.)
662 3542 693 3590 et
717 3532 799 3611 ‘Rop
827 3534 947 3592 etiamsi
968 3551 1003 3590 ex
1032 3524 1160 3613 entend..
1178 3530 1256 3628 Lips.

176 3602 208 3666 in
231 3618 342 3665 annott.
363 3608 515 3687 proposita
529 3621 720 3690 ,receperunt
740 3611 858 3671 Piclten.
880 3623 910 3672 et
930 3633 1011 3692 seqq.
1037 3622 1066 3670 et
1087 3616 1165 3686 enim
1186 3609 1257 3673 milti

174 3688 299 3748 Seebod.
320 3688 375 3748 Ed.
396 3691 430 3745 Il.
479 3688 603 3748 Locutio
629 3703 731 3773 partes
752 3696 907 3768 assignare
936 3694 1089 3773 desumpta
1117 3693 1164 3753 e'st
1188 3704 1256 3755 ar'e

84 3805 86 3812 ·
174 3769 288 3830 scenica
308 3769 355 3828 vd.
377 3780 476 3829 annot.
498 3770 533 3828 ad
554 3770 628 3830 Dial.
650 3777 675 3831 1.
725 3777 750 3845 J

129 3875 132 3890 '
221 3942 226 3951 .
256 3892 311 3930 non
336 3874 434 3953 inopia
461 3872 627 3954 hominum]
665 3874 771 3948 Quint.
800 3879 825 3950 Ι,
857 3879 886 3951 1,
917 3879 943 3936 1..
985 3876 1080 3935 Falsa
1107 3881 1186 3937 caim
1214 3885 1257 3938 est

95 3971 102 3980 ·
172 3952 302 4033 querela,
320 3957 505 4030 paucissimis
525 3955 687 4014 hominibus
707 3960 762 4014 aim
779 3957 969 4037 percipiendi,
989 3977 1064 4038 quaa
1083 3959 1256 4033 tradantur,

173 4051 236 4092 esse
258 4051 441 4106 concessam,
466 4036 619 4118 plerosque
641 4057 707 4097 acro
734 4036 865 4097 laborem
893 4058 930 4101 aa
948 4048 1083 4120 tempora
1111 4040 1257 4102 tarditate

172 4115 283 4190 ingenii
297 4112 431 4194 perdere.
469 4115 532 4176 Etc.
1166 4140 1170 4151 “
