2634 4656
435 267 437 271 ’
471 258 548 342 Cap.
572 258 679 321 XXX.
704 258 827 323 XXXI.
972 332 977 346 .
1114 265 1179 326 203

114 409 274 484 exuberat
296 407 352 483 illa
375 409 579 484 admirabilis
605 410 807 512 eloquentia3
832 413 941 513 neque
966 415 1106 488 oratoris
1130 417 1180 492 ris
1211 485 1212 489 ,

114 527 148 584 et
172 510 328 598 facultas,
361 510 446 584 sicut
471 528 651 585 ceterarum
676 530 807 600 rerum,
840 514 989 610 angustis
1015 532 1047 587 et
1071 515 1181 589 brevi·
1240 574 1244 581 ,

71 667 77 677 .
113 609 182 685 bus
206 610 354 683 terminis
379 608 543 699 cluditur,
572 612 632 685 sed
655 613 692 685 is.
710 630 760 686 est
782 630 912 701 orator,
939 613 997 713 qui
1023 614 1065 688 de
1089 617 1180 689 omni

142 711 308 784 uacatione
331 708 468 809 pulchre
492 728 524 783 et
547 729 661 785 ornate
683 731 714 785 et
740 713 782 785 ad
808 713 1077 814 persuadendam
1105 734 1180 815 apte

113 738 247 898 dicere,
279 838 340 911 pro
366 807 525 906 dignitate
555 838 686 898 rerum,
716 812 760 884 ad
784 813 955 887 utilitatem
982 830 1180 916 temporum,

114 937 193 985 eum
213 909 377 1011 voluptate
403 910 606 983 audientium
628 913 744 1012 possit.
1238 926 1240 933 ’

356 1103 416 1185 ’,Ι
505 1100 633 1172 vap.
665 1061 798 1158 XXXX·
868 1097 891 1141 ›‘

116 1224 118 1229 ⁴
170 1218 175 1227 ¹
214 1222 286 1295 Hoc
311 1223 375 1297 sibi
399 1224 445 1298 illi
467 1243 592 1299 veteres
617 1242 866 1327 persuaserant:
889 1225 933 1298 ad
950 1225 1016 1301 hoc
1035 1216 1191 1310 allicien.

115 1320 197 1393 dum
219 1321 444 1420 intelligebant
469 1354 553 1426 opus
580 1354 743 1400 essenon
768 1321 804 1398 ut
829 1313 871 1397 in'
888 1325 1057 1400 rhetorum
1083 1327 1181 1400 scho-

115 1419 158 1493 lis
180 1421 417 1514 declamarent,
437 1453 497 1498 nec
522 1442 558 1498 ut
581 1426 665 1501 lictis
691 1454 752 1499 nec
781 1424 970 1522 ullomodo
996 1425 1039 1498 ad
1063 1428 1182 1500 verita·-

115 1603 293 1654 consecatus.
333 1595 449 1656 Etenim
475 1617 513 1656 eac
540 1570 637 1656 raruin
662 1600 824 1672 cognitione
843 1595 1005 1679 efflorescat
1026 1606 1054 1656 et
1072 1596 1182 1656 redun-

71 1735 74 1744 ,
116 1673 168 1734 det
188 1677 308 1756 oportet
319 1683 423 1737 oratio.

197 1794 286 1859 neque
306 1781 434 1836 oratoris
461 1781 502 1836 cis
528 1788 558 1836 et
578 1776 713 1855 'facultas
734 1815 775 1828 -
795 1777 932 1855 cluditur]
966 1776 1012 1835 De
1034 1779 1063 1834 οἰ
1081 1786 1110 1836 et
1122 1773 1179 1854 sa-

115 1856 225 1915 cultate
245 1856 280 1917 cf.
300 1857 374 1919 Dial.
395 1865 443 1919 33.
483 1857 532 1919 Sic
556 1857 617 1920 Cic.
637 1860 673 1920 de
695 1860 776 1920 Orat.
797 1860 819 1934 1,
841 1863 891 1933 31,
914 1860 979 1918 142.
1029 1857 1180 1940 Quumque

117 1948 193 1996 esset
213 1944 305 2000 omnis
323 1944 450 2000 oratoris
477 1944 517 2000 or's
537 1962 573 2000 ac
592 1939 728 2022 facultas
755 1946 784 2000 in
813 1943 934 2024 quinque
978 1950 1059 1999 artes
1078 1939 1180 1999 durat.
1224 1991 1225 1995 ,

116 2019 189 2078 buta
210 2034 263 2082 etc.
284 2022 386 2096 Quint.
404 2025 468 2098 Xll,
486 2030 514 2097 1,
530 2029 578 2083 33.
599 2028 639 2083 cr's
659 2045 695 2084 ac
703 2022 838 2103 facultas
857 2023 940 2081 dicen
962 2026 980 2081 i.
1008 2023 1066 2085 ,De
1086 2022 1180 2084 forma

115 2101 213 2183 prisca
233 2105 321 2164 ¹cludo
348 2106 389 2187 (v.
410 2105 483 2169 Dial.
508 2104 571 2187 35.)
597 2106 699 2166 Tacito
728 2118 758 2166 et
785 2104 966 2180 Quintiliano
992 2104 1179 2166 usitatissima

115 2183 165 2243 vd.
179 2185 291 2246 Drouk.
310 2187 385 2246 adh.
401 2186 420 2246 l.
436 2200 533 2251 annot.
549 2200 641 2248 nostr.
662 2190 696 2248 ad
711 2189 811 2256 Germ.
827 2191 875 2248 34.
892 2199 922 2246 et
938 2186 1083 2247 Eclrstein.
1102 2188 1179 2246 Pro·
1253 2190 1256 2199 ’
1285 2213 1289 2222 “

115 2264 192 2351 legg.
213 2291 239 2349 p.
263 2276 301 2328 60
320 2280 349 2329 ct
367 2275 414 2329 83.
456 2271 502 2331 De
521 2293 577 2332 usu
598 2270 715 2331 verbor.
740 2269 912 2352 simplicium
932 2289 987 2349 pro
1008 2269 1178 2351 compositis
1222 2326 1223 2331 ,

115 2369 163 2433 ap.
187 2346 267 2410 Tae'
284 2350 358 2411 bene
387 2352 529 2432 exposuit.
556 2352 648 2413 uoths
674 2353 709 2412 ad
735 2353 832 2434 Agric.
859 2375 886 2431 p.
910 2354 966 2411 164
981 2372 1023 2430 sq.
1064 2349 1178 2413 Adiect.

64 2474 67 2488 .
117 2443 258 2507 angustus
285 2444 313 2492 et
339 2435 431 2499 dreor's
464 2435 617 2494 coniuncta
645 2434 783 2517 leguntur
812 2434 911 2492 Germ.
934 2434 974 2490 6.
997 2442 1120 2506 angusto
1149 2445 1179 2506 et
1222 2454 1224 2458 ⁴

118 2514 199 2573 breui
217 2512 312 2593 ferro.
338 2515 411 2575 Plio.
432 2517 504 2597 Epp.
529 2519 565 2591 ll,
587 2523 616 2590 7,
638 2519 667 2576 4.
697 2519 755 2574 cita
784 2518 844 2573 eius
871 2513 963 2571 breuis
989 2523 1018 2582 at
1037 2523 1178 2588 ungusta,-

118 2593 304 2678 quineandem
323 2596 384 2672 fere
403 2596 555 2658 formulam
574 2597 725 2678 usurpavit
744 2597 793 2672 ΙΙΙ,
814 2602 843 2671 7,
866 2600 911 2654 13.
954 2593 1027 2653 Tam
1047 2602 1180 2671 angustis

118 2681 250 2743 terminis
271 2689 371 2740 tantae
393 2680 582 2741 multitudinis
602 2683 738 2743 uiuacitas
760 2682 825 2764 ippa
844 2675 1031 2745 correladt'tar.

198 2770 252 2830 ced
270 2773 295 2829 is
316 2780 479 2832 estorator
499 2768 563 2852 etc]
591 2770 637 2829 De
657 2767 798 2830 sententia
828 2767 863 2828 cf.
887 2778 984 2827 annot.
1004 2768 1040 2828 ad
1054 2768 1130 2830 Dial.
1150 2775 1178 2834 1.

120 2876 149 2935 p.
170 2859 198 2912 3.
228 2850 287 2912 Cic.
309 2853 344 2911 de
366 2854 446 2913 Orat.
468 2855 490 2930 Ι,
514 2858 561 2926 15,
583 2856 629 2912 ot.
661 2847 711 2926 Ill,
734 2858 782 2925 10,
804 2856 852 2910 37.
887 2851 968 2910 Orat.
990 2856 1039 2910 29.
1058 2851 1179 2916 initde

119 2947 180 3017 opt.
200 2957 264 3018 gen.
285 2947 356 2994 orat.
382 2939 409 3011 1,
429 2941 456 2994 3.
500 2934 702 3014 Optimusest
729 2939 804 2992 enim
832 2943 952 3009 orator,
979 2936 1029 3014 qui
1056 2933 1178 2998 dicendo
1207 3000 1211 3011 .

118 3017 429 3093 animosaudr'cntr'um
452 3026 480 3075 et
506 3018 591 3076 docet
612 3030 640 3075 et
665 3016 792 3095 delectat
817 3025 846 3076 et
869 3025 1024 3096 permovet.
1065 3017 1179 3079 Docere

118 3101 247 3161 deditum
274 3110 335 3174 est,
372 3094 515 3158 delectare
539 3101 744 3171 honorarium,
776 3118 943 3180 permovere
975 3097 1180 3168 necessarium.
1216 3162 1219 3167 ,

120 3181 225 3260 Quint.
246 3203 376 3262 prooem.
400 3187 444 3241 18.
463 3193 493 3240 et
513 3182 548 3254 ll,
572 3185 620 3251 15,
641 3185 763 3241 2-13.
794 3172 821 3239 c.'
845 3192 943 3240 annot.
969 3177 1114 3264 Spalding.
1142 3184 1179 3243 B.

119 3266 157 3325 A.
176 3265 284 3323 Nautae
312 3276 340 3322 et
362 3266 379 3322 l.
401 3265 437 3324 u.
458 3261 633 3322 Thorbeckii
658 3261 912 3323 commentationes
935 3261 1062 3343 praemio
1092 3286 1180 3325 orna.
1203 3322 1205 3329 ,

117 3359 165 3407 tae
186 3347 220 3406 de
242 3344 390 3406 Ciceronis
410 3345 500 3427 ipsius
522 3343 664 3406 sententia
686 3344 721 3403 de
739 3343 870 3424 perlecto
891 3358 1016 3405 oratore.
1056 3346 1182 3410 Traiect.

117 3430 155 3492 ad
174 3429 267 3507 Rhen.
291 3434 376 3488 1820.
401 3433 428 3487 8.
495 3446 500 3455 ‘

180 3534 249 3615 Cap.
268 3535 373 3593 xxxl.
414 3531 479 3592 Hoc
499 3566 536 3580 --
554 3523 778 3613 persuaserant]
817 3527 891 3590 Cod.
917 3530 1002 3590 Farn.
1032 3531 1120 3593 Bell.
1149 3544 1183 3593 et

107 3639 200 3698 ,seqq.
219 3619 293 3676 hacc
312 3652 350 3666 -
362 3624 569 3696 persuaserant
587 3609 681 3692 podo.
697 3611 804 3672 Vaticc.
823 3611 935 3673 Dronk.
956 3613 1065 3672 Osann.
1088 3614 1180 3674 Orell.

118 3699 166 3782 (in
185 3709 295 3759 annott.
323 3698 483 3778 suspicatus
504 3693 588 3777 doc)‚·
615 3693 689 3754 haec
707 3729 745 3741 --
763 3694 981 3776 persuadebant
1000 3707 1066 3756 cett.
1086 3693 1181 3756 Codd.
1265 3706 1270 3722 ’

115 3793 149 3845 et
168 3782 240 3841 Edd.
445 3824 448 3828 -

201 3864 243 3923 ad
262 3863 317 3921 doc
337 3856 530 3941 efficiendum]
552 3857 601 3919 sic
618 3878 634 3917 e
652 3856 743 3919 Codd.
757 3859 840 3918 Fara.
856 3842 894 3918 et'
907 3857 1014 3918 Vati‘cc.
1028 3879 1052 3918 c.
1067 3858 1182 3919 Dronk.

114 3957 239 4008 recentt.
258 3955 372 4026 praeter
398 3941 489 4001 Orell.
518 3951 548 4002 et
567 3942 655 4021 Rup.'‚
683 3940 734 4022 qui
753 3941 795 4000 ad
809 3942 885 4005 ‚daeo
905 3938 1074 4020 efficienda,
1096 3952 1131 4001 ut
1147 3941 1180 4003 in

116 4042 186 4092 cett.
209 4025 300 4089 Codd.
321 4035 350 4085 et
371 4024 442 4084 Edd.
463 4033 573 4100 exstat,
595 4035 774 4107 receperunt.
797 4083 802 4106 ,

200 4114 255 4171 noa
284 4118 315 4169 at
338 4111 368 4165 in
396 4107 542 4165 rhetorum
572 4105 680 4165 scholas
706 4105 902 4165 declamarent
929 4105 1007 4186 ctc.]¹
1029 4102 1079 4165 stc
1107 4101 1188 4185 Coela

116 4197 221 4268 Farn.;
244 4196 275 4253 in
294 4191 366 4252 rltct.
390 4210 447 4251 om
468 4198 501 4248 ut
519 4184 614 4251 Codd.
638 4186 764 4266 Vnica,
790 4188 869 4250 unde
889 4209 917 4251 c·
933 4189 1018 4251 Brut.
1036 4197 1069 4249 ut
1087 4191 1118 4248 t'n
1136 4186 1182 4247 rh.
