2634 4656
393 320 396 329 .
467 259 546 343 cap.
566 259 727 323 xxxvi.
765 258 769 266 ·
1063 266 1127 329 aar
1185 238 1216 285 '¹
1262 234 1266 244 '

58 413 129 485 cuti
154 427 250 499 sunt,
277 438 363 512 quae
384 414 566 515 composita
592 431 623 487 et
637 415 747 515 quieta
770 429 802 488 et
818 411 914 488 beata
930 440 968 486 re
990 402 1127 516 publica

57 511 162 584 tribui
189 512 240 584 sas
255 528 341 600 erat,
366 528 474 587 tamen
491 513 545 587 itta
561 513 809 615 perturbatione
826 542 865 587 ac
885 513 1014 588 licentia
1028 515 1126 617 plura

56 610 124 683 sibi
147 611 280 711 assequi
310 611 539 703 videbantur,'
560 614 796 714 quunumixtis
819 613 976 687 omnibus
1001 632 1032 688 et
1056 643 1127 688 mo-

55 710 211 785 deratore
240 739 307 783 uno
331 712 520 786 carentibus
536 729 662 786 tantum
683 713 825 814 quisque
847 730 958 787 orator
983 732 1126 816 saperet,
1164 706 1176 721 ’

54 827 223 910 quantum
244 813 365 884 emanti
381 811 506 984 populo
524 811 718 913 persuaderi
737 828 874 914 poterat.
923 811 1010 886 Hinc
1035 813 1125 912 leges
1184 896 1188 907 ,

54 909 213 983 assiduae
238 928 269 985 et
290 939 381 1013 popu
395 938 450 984 are
475 939 614 1001 nomeu,
647 912 724 986 hinc
750 913 926 986 conciones
952 914 1126 1009 magistra·

54 1023 151 1082 tuum
168 1038 273 1112 paene
290 1010 553 1114 pernoctantium
576 1011 771 1102 inrostris,
797 1011 876 1086 binc
899 1011 1124 1088 accusationes
1167 1023 1173 1030 ’

85 1257 94 1275 ι
128 1164 300 1259 *composita
319 1190 348 1240 et
367 1184 466 1264 quieta
485 1191 515 1242 et
534 1181 623 1242 beata
643 1202 676 1243 re
694 1144 815 1262 publica
833 1179 939 1263 tribui]
972 1181 1123 1245 Emendat.

57 1258 139 1402 Lqps.
159 1263 250 1322 tribui
262 1264 422 1345 proimbut
435 1262 500 1326 lect.
516 1262 609 1326 Codd.
619 1265 683 1364 Par.
693 1261 785 1361 ’vind
803 1273 834 1324 et
847 1274 918 1360 vett.
935 1263 1007 1324 Edd.
1021 1285 1124 1363 omnes
1239 1350 1245 1365 θ

56 1341 85 1401 E
107 1343 134 1403 d.
155 1363 234 1424 seqq.
261 1354 444 1426 receperunt.
490 1344 671 1428 Composrtus
692 1367 712 1404 r.
732 1366 759 1425 q.
785 1344 977 1425 tranquillus,
1005 1358 1123 1428 quretua

54 1421 262 1523 frequentatur
270 1448 295 1524 'a
318 1428 386 1488 Tae.
406 1427 453 1488 vd.
475 1427 550 1488 niet.
570 1430 620 1529 tt.
641 1428 718 1488 Anu.
732 1427 783 1526 lis,
801 1431 827 1487 t.
847 1427 952 1529 Boett.
962 1427 1032 1489 Lex.
1053 1429 1122 1490 Tae.

54 1507 1123 1673 ttufttt'rttait‘it‘titttttttt'titt't't'tiffl‘

55 1767 115 1830 Par
138 1687 243 1832 [ἕως]
278 1689 410 1831 Pittachigpi
435 1691 575 1833 erpepdap
595 1689 677 1831 {ips
698 1709 753 1770 pro
776 1690 915 1831 plpraqaa
942 1687 1007 1831 'eiii
1028 1686 1122 1752 Codd.

55 1810 143 1933 quain
162 1793 240 1915 libne
256 1793 461 1934 bisequimurl,
478 1791 808 1935 ”teglat-Orpecffperpp
825 1792 921 1914 rbebb.
936 1791 1122 1916 malmic-

139 1961 277 2033 qaantum
297 1955 411 2013 erranti
423 1949 547 2034 populo]
567 1951 627 2012 »Sc
644 1961 790 2011 oratorem
806 1971 931 2032 saperes«
949 1949 1036 2013 Bach.
1061 1949 1122 2012 Er-

57 2050 130 2091 rare
152 2031 171 2092 i.
191 2055 217 2114 q.
240 2031 382 2093 flumuare
399 2031 477 2095 inter
495 2033 575 2094 varia
593 2032 718 2110 consilia,
733 2031 850 2115 (Seuer.
865 2033 918 2116 Ep.
935 2030 1017 2116 52),
1039 2045 1123 2096 certo

56 2124 89 2174 et
109 2115 245 2194 prudenti
264 2114 387 2176 consilio
411 2136 471 2177 non
490 2114 573 2199 regi,
602 2114 772 2197 metaphora
794 2115 944 2196 desumpta
962 2136 979 2176 a
998 2113 1123 2192 viatore,
1167 2178 1172 2184 ,
1213 2180 1219 2194 ,

58 2195 111 2276 qui
132 2197 262 2258 derecta
282 2197 327 2257 via
349 2194 489 2280 deflectit,
511 2197 588 2259 vela
607 2218 680 2259 nave
695 2195 892 2280 gubernatore
914 2196 1032 2278 privata.
1072 2197 1124 2260 Sic

55 2276 134 2339 Dial.
152 2280 201 2340 40.
219 2279 390 2340 translatum
409 2280 445 2341 ad
465 2291 571 2341 statum
589 2278 714 2341 civitatis
735 2277 879 2362 significat
898 2291 979 2341 certo
998 2279 1037 2340 im
1059 2279 1124 2341 erio
1197 2318 1201 2325 ·

56 2379 120 2421 non
139 2358 200 2436 uti,
221 2383 282 2422 uuo
304 2362 488 2423 moderatore
507 2382 622 2436 carere,
644 2360 720 2421 sicut
739 2371 801 2420 erat
819 2358 908 2420 libera
932 2382 979 2421 res
996 2303 1122 2443 publiea,

56 2441 232 2524 quaomnia
259 2464 360 2505 omnes
380 2440 524 2524 poterant.
565 2441 752 2504 Contrarium
771 2439 879 2524 legitur
898 2462 913 2502 c
935 2445 1010 2507 att.
1036 2464 1123 2526 quum
1156 2490 1158 2498 .

56 2524 96 2585 da
115 2546 148 2586 re
164 2526 283 2607 publica
299 2548 357 2586 non
376 2528 505 2609 imperiti
521 2535 551 2586 at
569 2526 655 2586 multi
670 2523 844 2596 deliberent,
871 2543 902 2582 se
942 2526 1125 2605 sapientissi-

54 2628 121 2668 mus
139 2620 220 2669 unas.
757 2648 761 2654 -

139 2706 219 2767 Hine
245 2708 323 2781 teges
349 2702 505 2788 assiduae]
541 2704 587 2765 De
612 2700 772 2784 anadiplosi
793 2701 861 2762 bina
888 2699 925 2762 cf.
954 2712 1053 2762 annot
1078 2701 1123 2762 ad.

56 2785 133 2850 Dial.
153 2794 202 2848 30.
242 2787 320 2848 Hinc
340 2787 359 2848 i.
374 2810 398 2848 e.
420 2810 455 2848 ex
476 2784 738 2865 bacconteutione
755 2795 913 2845 oratorum.
939 2783 1034 2858 Leges
1047 2787 1127 2844 assi-

58 2870 137 2930 duae
158 2870 176 2930 i.
197 2891 221 2931 e.
243 2871 358 2931 assidue
377 2871 413 2930 ad
432 2868 574 2952 populum
592 2870 683 2944 latae,
712 2888 782 2949 quas
801 2865 850 2927 alii
873 2864 1049 2943 suadebant,
1076 2864 1126 2928 atii

54 2952 268 3013 ffissuadebant.

78 3057 100 3131 f
139 3035 281 3150 pbpttlarc
297 3048 416 3133 nomen]
436 3051 593 3133 Popularia
613 3047 639 3108 is
659 3046 776 3121 dicitur,
796 3045 847 3128 qui
866 3043 968 3144 popuii
987 3043 1124 3104 voiunta-

48 3143 119 3194 .tem
138 3155 311 3194 earrssrmam
336 3154 450 3214 semper
468 3130 577 3193 babens
600 3129 713 3210 legibus
735 3128 862 3189 serendis
889 3146 1011 3207 crusque
1039 3130 1125 3187 cansa
1239 3148 1242 3153 ’

57 3226 161 3275 contra
195 3216 346 3297 optimates
376 3213 553 3276 defendenda
580 3213 749 3294 popularem
782 3210 901 3293 gratiam
936 3230 968 3269 ac
994 3207 1125 3268 fauorem

57 3295 145 3358 etiam
161 3318 226 3357 curn
249 3295 440 3380 reipublicae
460 3294 634 3357 detrimento
656 3303 807 3355 utcontra
821 3292 1001 3354 honestatem
1021 3300 1125 3372 captat.

57 3375 107 3440 Gi.
128 3377 188 3439 Cic.
211 3401 255 3438 or.
274 3403 318 3461 pr.
340 3381 415 3440 Sest„
435 3381 484 3441 45.
505 3379 596 3461 depo
618 3369 748 3436 uteribus
765 3385 796 3435 et
813 3375 1008 3456 optimatibus.
1029 3371 1124 3433 Beier.

56 3460 95 3522 ad
115 3460 202 3522 offic.
225 3465 246 3536 Ι,
267 3468 316 3523 25.
337 3460 399 3522 init.
421 3459 545 3522 Beneck.
566 3480 582 3520 a
622 3455 706 3519 Catil.
726 3459 779 3533 W,
799 3460 830 3533 5,
852 3462 879 3516 9.
920 3455 970 3517 Sic
989 3452 1051 3514 biv.
1073 3455 1126 3533 vt,

58 3547 107 3605 te.
127 3544 201 3603 nibil
218 3548 311 3605 minus
324 3546 466 3626 populare
481 3562 568 3626 quam
587 3546 715 3625 regnum.
831 3565 836 3572 ·

139 3627 204 3686 birra
219 3630 366 3687 contiones
380 3628 603 3704 magistratuum
615 3643 708 3705 paena
716 3621 945 3697 parnttctantium
959 3621 989 3677 r'n
1005 3613 1126 3758 rostri?

57 3707 126 3767 bina
151 3713 295 3770 contiones
315 3711 502 3782 migrantium
520 3725 594 3788 pana
615 3702 708 3783 Codd.
731 3703 794 3761 Par.
815 3700 919 3781 (conr.)
939 3699 1025 3758 Vind.
1050 3700 1094 3759 Ed
1117 3742 1123 3756 .

57 3788 136 3870 Spir.
156 3790 222 3850 Put.
243 3792 324 3861 ttiv.;
347 3793 507 3850 bina'cont.
528 3789 715 3862 migrantium
736 3779 772 3845 ab
787 3803 860 3867 pene
879 3781 952 3842 Edd.
973 3784 1038 3840 tter.
1060 3779 1125 3842 nte.
1180 3784 1184 3797 ’
1256 3848 1260 3855 ,

56 3871 154 3934 Rben.
174 3872 240 3934 Atd.
274 3874 299 3932 Ε
321 3870 394 3932 Cod.
413 3872 498 3930 Farn.
518 3866 629 3948 recepit
648 3870 873 3943 magistratuum
893 3863 971 3945 Lips.
992 3875 1022 3923 et
1043 3884 1124 3945 seqq.

56 3953 209 4034 Scriptura
236 3958 330 4015 contio
379 3952 500 4014 robatur
520 3957 635 4031 Zumpt.
664 3950 699 4008 ad
720 3946 781 4010 Cic.
804 3947 870 4007 Act.
897 3949 982 4005 Verr.
1004 3947 1025 4019 Ι,
1048 3949 1073 4005 t.
1094 3955 1126 4005 et

56 4036 192 4098 Ronueb.
213 4037 243 4098 in
260 4038 329 4096 Lex.
351 3976 454 4111 duint.
483 4057 506 4094 s.
527 4057 574 4109 m,
603 4042 632 4091 at
652 4029 833 4112 improbatur
851 4027 976 4088 Freurid.
997 4026 1028 4086 in
1055 4029 1124 4088 Lex.

16 4144 25 4161 .
56 4120 119 4178 Lat.
139 4141 162 4178 s.
183 4141 210 4179 v.
252 4118 372 4179 Fundus
394 4115 552 4179 locutionis
576 4123 750 4196 pernoctare
769 4114 799 4172 in
818 4113 922 4171 rostris
940 4121 986 4171 est
1007 4130 1051 4191 ap.
1073 4106 1125 4169 Ci-

57 4222 212 4264 ceronem:
243 4202 380 4264 babitare
407 4202 437 4260 in
464 4203 568 4261 rostris
587 4197 671 4256 Brut.
691 4200 742 4270 89,
764 4195 852 4268 bob,
880 4195 911 4252 in
928 4192 1071 4257 subruto
1088 4189 1127 4251 de

833 4287 936 4392 ‘bb
