2634 4656
207 271 273 332 270
546 263 702 356 Dialogus
721 265 759 325 de
785 259 967 325 Oratoribus

122 505 125 509 .
208 421 360 494 ardorem
393 418 555 515 ingeniis,
590 444 673 516 quas
707 408 895 488 oratoribus
926 416 1015 489 laces
1040 412 1276 487 admovebant!

65 522 67 531 ’
156 558 159 563 ·
207 523 283 595 Non
317 519 359 592 de
388 521 494 591 otiosa
522 535 554 591 et
579 517 689 618 quieta
716 544 752 597 re
784 515 952 616 loquimur
995 533 1027 589 et
1052 519 1141 615 quae
1166 513 1277 616 probi-

187 655 314 768 ..Homp
333 707 392 766 Sat.
412 709 449 780 ΙΙ,
472 709 499 779 1,
523 708 568 764 19.
593 661 661 764 ¹Uti
678 703 805 763 auribus
817 704 939 762 alicuius
953 667 976 761 i.
996 724 1024 783 q.
1043 701 1212 763 auditorem
1229 700 1278 762 ali-

209 811 295 871 quem
315 787 428 873 babere.
449 787 496 849 v'd.
517 784 577 847 Cic.
597 786 670 867 Epp.
692 785 726 844 ad
746 787 822 844 Fam.
844 787 906 859 Vll,
929 790 977 844 33.

216 901 219 907 ’
290 922 361 997 quas
382 896 646 977 oratinibussaces
666 896 868 975 admovebant]
897 898 989 958 Faces
1008 908 1079 956 suut
1098 894 1278 956 incitamenta

117 1015 121 1025 ·
210 1003 365 1055 acerruma,
395 993 425 1041 ct
443 979 528 1059 jaces
557 981 716 1045 admouere,
738 981 829 1038 alicui
852 980 958 1039 lortius
988 978 1097 1038 dicitur
1122 999 1209 1057 quam
1228 981 1276 1037 sti·

177 1084 181 1095 ·
211 1066 303 1124 mulas
323 1066 412 1124 alicui
436 1063 590 1122 adcrescere
618 1061 664 1122 vel
687 1061 805 1135 addere.
845 1062 938 1121 Petita
965 1073 1010 1121 est
1028 1060 1158 1121 formula
1183 1072 1277 1121 ator-

119 1201 122 1211 ,
212 1147 316 1206 mentis
336 1166 504 1217 servornm,
531 1145 581 1225 qui
601 1143 632 1203 iu
651 1142 867 1223 quaestionibus
889 1148 974 1223 atqire
993 1142 1079 1203 etiam
1100 1143 1137 1202 ad
1157 1142 1278 1223 punien-

211 1227 299 1302 dum,
322 1230 346 1288 si
366 1237 550 1307 peccassem,
570 1225 730 1291 urebantur
749 1226 871 1286 admotis
890 1225 999 1285 facibus
1018 1237 1069 1285 aut
1089 1224 1197 1284 lamina
1214 1246 1277 1285 cau-

212 1310 306 1371 dente.
343 1307 387 1370 Cl.
409 1309 524 1369 Dissen.
545 1309 580 1368 ad
601 1307 706 1366 Tibull.
728 1311 751 1381 l,
771 1313 801 1381 5,
821 1314 848 1367 5.
868 1319 899 1367 et
917 1310 953 1385 ΙΙ,
975 1311 1007 1382 4,
1028 1309 1056 1366 6.
1106 1306 1158 1368 Sic
1182 1307 1277 1366 aerbo·

210 1415 276 1452 rum
294 1389 383 1470 faces
410 1391 564 1450 admouere
579 1446 582 1455 ,
600 1387 660 1450 Cic.
689 1390 724 1449 de
753 1390 834 1450 Orat.
855 1394 904 1459 ΙΙΙ,
924 1394 955 1466 ’1,
975 1395 1019 1460 4.;
1048 1387 1138 1468 sacas
1167 1388 1279 1449 dicendi

211 1474 350 1534 adlidere
370 1474 405 1546 ll,
427 1478 476 1547 51,
501 1477 565 1531 105.
594 1473 641 1531 vd.
662 1473 731 1531 Ern'.
752 1473 820 1532 Lex.
841 1472 1025 1532 techn.'Lat.
1047 1493 1070 1531 s.
1092 1471 1174 1550 sax3
1193 1469 1277 1550 sares

211 1557 334 1616 subdere
359 1556 401 1614 ad
420 1556 518 1616 studia
545 1555 659 1614 dicendi
679 1554 781 1629 Quint.
804 1558 828 1627 l,
854 1561 885 1627 2,
903 1559 955 1613 25.
985 1575 1009 1612 c.
1027 1558 1139 1613 annot]
1167 1552 1275 1634 Spald.;

202 1638 289 1717 sacas
307 1639 440 1697 dolorum
462 1638 616 1696 admouere
644 1633 704 1696 Cic.
728 1635 788 1697 Off.
809 1639 842 1706 ΙΙ,
866 1641 914 1710 10,
936 1642 983 1696 37.
1004 1635 1114 1696 doloris
1134 1637 1223 1698 Tusc.
1242 1636 1275 1711 ΙΙ,

210 1726 262 1796 25,
284 1726 331 1779 61.
351 1731 491 1780 cannot.
512 1718 626 1778 Kuebu.
978 1762 980 1767 -
1224 1742 1227 1749 ·

291 1832 358 1893 Non
378 1832 414 1890 dc
429 1835 527 1891 votiosa
548 1841 576 1890 et
596 1834 695 1912 quieta
715 1851 748 1889 rc
767 1829 925 1914 loquimar]
947 1827 1069 1891 ‚Primus
1089 1820 1281 1892 Heumannus'

117 1922 120 1931 '
211 1913 378 1975 observavit
398 1913 444 1973 hie
462 1913 607 1996 ingentem
630 1935 693 1973 esse
713 1912 841 1985 hiatum,
869 1937 957 1994 quum
973 1912 1174 1995 praecedentia
1193 1911 1291 1973 verba·

180 1986 187 2001 ’
212 1996 272 2057 sint
292 1995 440 2056 Messallae
469 2018 581 2055 causam
602 1991 784 2075 eloquentiae
804 1986 941 2078 agentis,
960 1994 1124 2077 posteriora
1144 1995 1274 2067 Materni,

212 2079 262 2158 qui
279 2077 384 2137 ¹contra
405 2089 536 2137 oratores
564 2099 723 2158 eorumque
745 2090 834 2138 artem
862 2078 949 2138 verba
975 2071 1075 2149 saciat,
1105 2068 1274 2158 quod-Ditl.

131 2152 139 2164 ⁸
213 2166 261 2220 11.
283 2180 313 2218 se
334 2158 476 2218 iacturum
497 2159 686 2240 promisisset.
718 2162 769 2220 'De
788 2160 840 2220 bac
862 2161 962 2220 lacuna
975 2163 1012 2219 U.
1027 2159 1150 2219 bekker.
1170 2159 1274 2220 inSee-

31 2265 34 2274 ’
114 2304 117 2309 ,
211 2241 280 2302 bod.
301 2240 420 2299 Archiv.
442 2245 527 2301 1825.
549 2241 615 2301 Vol.
638 2244 659 2302 Ι.
679 2265 707 2324 p.
729 2249 765 2302 71
783 2265 825 2322 sq.
845 2243 958 2324 repetit.
978 2242 1008 2303 in
1024 2241 1117 2311 Orcll.
1136 2242 1191 2302 Ed.
1206 2240 1275 2303 Dial.

74 2329 76 2341 '
184 2366 187 2371 -
210 2345 239 2465 p.
257 2328 294 2382 95
305 2346 347 2402 sq.
369 2322 516 2402 copiosius
534 2325 680 2405 exposuit,
700 2324 780 2384 cuius
802 2324 961 2385 sententiae
981 2323 1113 2384 obsecuti
1134 2323 1275 2385 asteriscis

224 2427 342 2466 acnuam
369 2405 533 2464 indicarunt
561 2407 670 2467 Osann.
698 2406 788 2468 Orell.
814 2407 903 2467 Bekk.
923 2409 1036 2481 Boett,
1064 2406 1135 2466 item
1161 2405 1274 2466 Waltb.

214 2500 245 2548 et
264 2487 368 2559 Raab,
393 2487 442 2566 qui
462 2501 555 2546 tamen
584 2510 643 2547 non
664 2488 787 2548 multum
809 2489 949 2550 excidisse
969 2501 999 2549 et
1016 2487 1140 2548 ironiam
1159 2511 1215 2571 per
1230 2499 1275 2549 to·

210 2581 269 2644 tam
296 2569 419 2628 b‘laterni
448 2570 607 2629 orationem
636 2571 776 2631 dominari
805 2594 869 2632 cum
907 2569 1112 2632 Strodtbeckio
1141 2570 1280 2653 suspicati-

212 2663 290 2713 sunt.
338 2651 479 2731 Equidem
506 2652 650 2711 assentior
671 2653 794 2713 ¹Rittero
822 2653 928 2717 nullam
957 2653 1101 2727 lacunam,
1137 2657 1221 2715 cuius
1246 2652 1279 2713 in·

153 2755 159 2763 ¹
211 2733 294 2793 nullo
314 2730 387 2794 Cod.
408 2733 489 2814 signa
508 2747 686 2815 comparent,
705 2735 769 2795 essb
788 2736 945 2812 statuenti,
963 2758 1051 2815 quum
1071 2737 1224 2798 Maternus
1242 2736 1281 2797 de>

210 2815 313 2876 eodem
332 2811 520 2898 argumento,
541 2817 619 2896 quod
640 2818 727 2877 modo
741 2818 930 2893 tractaverit,
950 2819 1059 2878 dissere
1080 2832 1203 2902 pergat,
1222 2817 1281 2879 nisi·

200 2897 292 2982 ,quod
312 2897 346 2956 ab
375 2897 516 2957 hocloco
544 2899 635 2978 paulo
651 2899 848 2960 vehementius
877 2896 966 2960 artem
994 2901 1107 2960 dicendi
1133 2923 1149 2961 a
1171 2922 1204 2962 se
1222 2900 1291 2963 iat-⁴·

210 2978 360 3061 probatam
381 2979 572 3062 adgrediatur.
612 2983 644 3040 ln
660 2981 807 3062 prioribus
828 2983 1014 3065 exposuisse,
1037 2984 1277 3063 quemadmodum
1311 3032 1314 3041 .

211 3062 289 3142 apud
309 3061 439 3121 maiores¹
451 3061 590 3121 libertatis
611 3076 771 3123 extremum
790 3076 879 3126 artem
895 3065 1008 3125 dicendi
1018 3065 1204 3146 provexerit:
1223 3065 1283 3125 iam·

141 3164 159 3185 ’-
210 3142 349 3204 universe
370 3143 559 3224 pronuntiare
582 3165 643 3204 eam
664 3167 728 3207 esce
748 3145 834 3207 huius
855 3147 924 3208 artis
946 3159 1087 3222 naturam,
1108 3160 1142 3208 ut
1155 3147 1189 3208 in
1204 3147 1284 3209 bene·

209 3225 379 3286 constitutis
414 3225 576 3310 civitatibus
604 3247 665 3286 non
695 3228 813 3288 oriatur.
860 3222 1061 3312 Quapropter
1092 3229 1125 3289 in
1163 3229 1277 3291 ciuitate

128 3322 130 3327 ’
212 3309 361 3380 Romana,
389 3307 481 3368 donec
502 3308 659 3384 erraverit,
686 3331 747 3370 eam
761 3308 920 3386 iloruisse,
949 3311 1091 3386 sedium,
1120 3333 1189 3372 cum
1209 3332 1284 3374 con·

145 3433 149 3444 .
209 3389 311 3461 cordia
330 3388 465 3465 redierit,
492 3391 655 3451 necessario
674 3393 878 3455 lraetamesse
899 3393 1053 3454 notabilem
1071 3393 1187 3476 antiqui
1207 3407 1278 3455 tem·

211 3471 293 3552 poris
314 3470 514 3550 eloquentiam.
536 3505 571 3518 -·
614 3473 728 3534 Schula.
743 3486 822 3536 recte
841 3498 874 3535 re
893 3476 1029 3559 intelligit
1046 3476 1082 3535 de
1102 3497 1138 3537 re
1155 3476 1278 3559 publica,

140 3616 142 3620 ,
210 3552 288 3613 male'
304 3553 400 3613 Hauli.
421 3566 451 3614 et
470 3556 518 3614 Fr.
539 3555 660 3615 Hessius
689 3557 720 3616 in
749 3571 915 3619 eommeutt.
944 3581 1012 3619 mss.
1040 3559 1076 3618 de
1105 3558 1277 3641 eloquentia

137 3686 140 3691 .
210 3635 262 3695 Sic
288 3634 363 3695 inira
389 3640 417 3694 in
435 3637 505 3695 bene
524 3642 692 3701 constitutis
702 3642 872 3701 civitatibus.
913 3641 987 3702 Dial.
1008 3645 1056 3699 36.
1076 3646 1238 3722 composita
1252 3646 1279 3700 at

210 3724 312 3797 quieta
332 3728 363 3780 et
380 3719 467 3779 beata
487 3739 527 3776 ra.
566 3720 633 3778 Sall.
655 3722 716 3804 lug.
735 3726 783 3781 41.
822 3712 901 3783 itam
918 3734 986 3785 anta
1002 3723 1216 3799 Carthaginem
1231 3723 1277 3783 da·

209 3801 302 3858 letam
319 3803 441 3880 populus
464 3811 493 3858 et
510 3813 628 3860 senatus
646 3805 797 3864 Rauranus
814 3808 928 3887 placide
949 3807 1232 3888 modestequeinter
1248 3824 1277 3864 so

210 3902 274 3939 rem
292 3884 436 3963 publicam
461 3884 628 3942 tractabant
650 3898 720 3960 ete,
748 3887 798 3945 ubi
817 3888 907 3947 Kritz.
935 3888 1049 3948 laudato
1077 3888 1228 3970 Spalding.
1245 3885 1283 3947 ad·

215 3963 316 4036 Quint.
338 3969 361 4038 I,
391 3972 417 4038 2,
438 3967 467 4024 4.
495 3967 643 4025 annotavit
671 3969 816 4041 modesta,
851 3972 930 4050 quod
962 3971 1081 4052 proprie
1108 3970 1224 4031 dicatur
1244 3969 1277 4029 de

210 4044 300 4103 modo
332 4048 474 4107 servando
507 4047 552 4106 vd.
581 4062 679 4110 annot.
706 4051 740 4128 ad
767 4054 827 4134 lug.
854 4057 903 4114 44.
954 4052 1092 4114 Doederl.
1118 4053 1181 4113 Lat.
1202 4054 1276 4150 'Spu-

211 4126 278 4185 Vol.
310 4128 341 4185 ll.
370 4151 397 4209 p.
417 4136 476 4190 203
498 4151 558 4208 sq.,
587 4129 671 4191 latius
692 4145 789 4214 patere
811 4136 989 4216 omninoque
1007 4137 1176 4198 universam
1196 4131 1276 4196 ammi

142 4287 145 4291 ⁴
202 4207 368 4297 bonitatem
387 4232 420 4274 ac
438 4211 613 4298 probitatem
636 4214 693 4278 boc
712 4237 775 4279 voc.
794 4217 1009 4299 comprehendi.
