2634 4656
514 216 672 306 Dialogus
694 224 732 285 de
755 214 952 286 Oratoribus¹
981 293 985 301 ,

589 373 617 431 (l
635 394 661 434 a
678 394 718 449 1¹·
758 357 860 435 m.

282 464 365 536 Nam
393 480 555 563 quatenus
582 466 792 564 antiquorum
820 465 1037 540 admiratores
1064 464 1154 540 liu'nc
1176 466 1264 540 velut

182 563 358 635 terminum
394 564 597 662 antiquitatis
615 636 617 640 Α
632 564 831 636 constituere
857 564 983 653 solent,
999 609 1002 616 ·
1018 595 1118 666 quem
1154 578 1262 665 us'qne

184 663 226 734 ad
255 662 405 733 Cassium
433 663 591 735 Severum
625 662 768 750 sac'iunt,
801 690 899 762 quem
923 665 1068 764 primum
1095 664 1288 756 affirmant¹

142 786 146 795 ’
183 814 235 851 nec
257 814 292 852 ex
314 783 558 853 coniect.·Ursin.
580 793 688 873 aLips.
709 792 832 874 margini
854 794 977 874 ascripta
990 816 1066 855 nana
1085 794 1262 876 receperunt

182 875 300 934 Pichen.
316 887 344 933 et
361 897 439 954 seqq.
461 887 577 954 praeter
597 875 719 948 Osann,
741 875 820 953 quod
835 875 1060 936 Schrautius‘in
1081 876 1155 938 Cod.
1178 878 1261 935 Fam.

182 956 288 1038 legisse
311 956 365 1014 sibi
387 957 466 1014 visus
490 967 551 1028 est;
581 956 616 1015 de
637 977 693 1033 qua
713 955 826 1015 conius.
847 957 885 1015 ob
907 958 1111 1037 compendium
1134 957 1261 1038 scriptu-

145 1065 147 1069 ·
184 1059 231 1097 rac
257 1044 297 1102 n]-
320 1037 367 1094 vd.
393 1036 538 1096 Schwarc.
561 1037 594 1095 ad
623 1036 696 1094 Plin.
718 1038 824 1119 Paneg.
846 1061 873 1117 p.
892 1044 961 1097 217.
1011 1037 1056 1100 Cf.
1078 1037 1139 1099 Cic.
1162 1038 1261 1097 Divin.

183 1121 220 1191 lt,
243 1122 294 1190 25,
316 1120 363 1176 54.
394 1118 429 1175 de
451 1119 553 1198 qur‘bns
580 1117 679 1175 dicam
707 1119 839 1198 equidem
866 1120 1005 1192 singolis,
1035 1121 1134 1202 quoad
1155 1120 1262 1193 videbi-

183 1210 248 1268 tur;
275 1197 329 1256 secl
355 1198 505 1259 dicendum
533 1203 623 1256 etiam
651 1208 695 1256 est
721 1199 758 1256 de
787 1203 935 1259 ertirersis.
972 1201 1076 1273 Quint.
1098 1202 1138 1275 X,
1165 1207 1193 1274 1,
1212 1203 1260 1260 42.

186 1283 289 1340 Veram
312 1291 468 1361 antequam
498 1280 534 1338 de
563 1281 684 1353 singulis
709 1281 832 1360 loquar,
858 1301 956 1363 pauca
983 1285 1015 1340 in
1041 1286 1207 1342 uar'rersum
1227 1281 1261 1353 tle

184 1365 328 1421 uarietate
348 1366 512 1442 opinionum
532 1357 658 1418 dicenda
675 1371 749 1419 sunt.
1194 1382 1197 1394 ·
1247 1390 1253 1398 ·

245 1441 313 1522 Cap.
335 1445 413 1501 xtx.
456 1464 539 1523 prtem
561 1463 647 1523 resque
669 1475 710 1487 ·-
730 1463 812 1523 quem
830 1441 975 1525 primum]
1005 1441 1078 1504 Cot.
1101 1446 1188 1504 Facu.
1210 1443 1272 1503 Ed:

183 1525 261 1603 Spir.
281 1526 331 1605 qui
351 1545 437 1605 usqae
453 1524 496 1581 acl
507 1527 630 1582 cassium
652 1543 736 1604 quem
751 1545 832 1582 reum
845 1523 976 1600 faciunt,
998 1547 1147 1606 puem-,
1170 1523 1262 1585 Codd.

144 1631 147 1637 ⁷
183 1605 293 1663 Vaticc.
314 1625 398 1684 quem
422 1626 511 1684 nsque
534 1605 577 1662 ad
598 1604 732 1662 Cassium
761 1607 897 1663 Severum
926 1627 1007 1688 quem
1036 1626 1119 1664 reum
1132 1605 1262 1684 sacirmt,

182 1707 265 1767 quem
291 1689 436 1766 primum3
467 1688 532 1745 Pnt.
555 1685 719 1744 emendavit
740 1686 884 1766 vulgatam
909 1708 992 1768 quem
1015 1689 1167 1769 usquead
1190 1687 1264 1746 Cas-

182 1772 266 1849 siunc
281 1770 420 1825 Severum
433 1765 567 1842 faciunt,
597 1788 681 1848 quem
700 1770 847 1846 primum,
870 1789 925 1846 qua
947 1780 1042 1828 tamen
1065 1789 1126 1828 non
1147 1768 1264 1848 acquie-

182 1861 254 1908 runt
281 1847 397 1906 Broter.
423 1848 493 1905 Era.
519 1848 630 1908 Osann.
653 1847 746 1914 Orell.
774 1848 920 1907 Boettieh.
951 1849 1004 1921 al,
1034 1871 1115 1929 quos,
1140 1842 1265 1910 offendit

183 1941 233 1988 sut
255 1929 377 1986 molesta
397 1928 534 2008 repetitio
555 1949 641 2007 pron.
663 1927 763 2003 relat,
792 1942 842 1988 ant
862 1927 1039 1989 insolentior
1067 1931 1180 1990 locutio
1203 1943 1263 1990 ter-

185 2015 292 2069 nriaum
306 2009 445 2088 sariunt,
467 2021 517 2068 aut
538 2009 646 2088 ellipsis
667 2009 791 2070 subiecti
813 2010 842 2068 in
864 2011 1004 2090 apodosi,
1025 2023 1059 2070 ut
1080 2012 1178 2071 locum
1199 2033 1265 2072 cor-

183 2103 304 2170 ruptum
327 2090 504 2149 coniecturis
527 2091 626 2148 >sanari
654 2111 741 2168 posse
772 2104 941 2170 sperarent,
971 2114 1092 2170 quarum
1122 2093 1202 2152 nulla
1222 2105 1265 2151 ta-

183 2172 337 2231 menmihi
360 2171 478 2251 probari
499 2172 606 2250 potnit.
645 2171 717 2229 Nam
740 2172 864 2249 primum
887 2174 1025 2252 repetitio
1047 2191 1184 2252 pronom.
1213 2195 1262 2246 re·
1301 2180 1303 2187 ’

174 2254 264 2312 lativ.
287 2254 388 2312 eodem
418 2275 485 2311 casu
513 2251 602 2330 positi
636 2251 795 2310 offensioni
824 2274 888 2312 esse
923 2275 982 2312 non
1019 2266 1138 2334 potest,
1166 2274 1266 2334 ,quum

70 2362 75 2373 *
175 2335 262 2414 ..apud
290 2345 363 2414 optt.
391 2334 503 2412 scriptt.
525 2331 720 2412 reperiatur„
756 2333 806 2403 Sic
836 2333 896 2394 Cic.
924 2335 1052 2394 Nat).
1076 2339 1111 2411 ll,
1134 2343 1161 2395 2.
1191 2355 1266 2418 puae

177 2438 260 2475 anas
288 2428 351 2475 tam
379 2436 484 2474 carcors
511 2417 633 2471 irmeniri
656 2424 767 2495 potest,
803 2436 879 2494 quae
907 2418 978 2488 illa,
1015 2438 1089 2497 quae
1117 2418 1266 2498 quondam

185 2497 395 2568 credebantur,
422 2495 507 2575 ,apud
533 2493 642 2572 inferos
667 2505 804 2575 portenta
833 2499 1033 2556 extimescat?
1060 2499 1150 2557 Tusc.
1171 2500 1195 2572 l,
1217 2503 1268 2573 21,

185 2584 241 2646 48ς
273 2584 324 2652 25,
352 2578 483 2635 etanta
515 2579 554 2633 vis
587 2596 661 2657 quae
688 2576 808 2635 tandem
838 2590 898 2648 est,
936 2598 1011 2659 quae
1038 2582 1192 2653 investiget
1218 2596 1268 2638 oe-

186 2663 280 2731 culta,
309 2678 384 2740 puae
404 2659 528 2714 inventio
551 2668 639 2736 atque
660 2661 838 2730 excogitatio
867 2659 994 2724 elicitam?
1021 2659 1072 2717 ubi
1100 2681 1127 2718 v.
1152 2658 1267 2725 Kuehu.

187 2741 301 2799 Deinde
323 2740 358 2797 de
381 2760 427 2795 vv.
449 2742 603 2796 terminum
617 2735 736 2813 saciant
757 2739 915 2797 tenendum
937 2751 1043 2815 est„a
1064 2741 1178 2800 Latinis
1200 2761 1268 2800 ver-

186 2821 256 2879 bum
277 2816 415 2896 faciendi
435 2819 511 2877 sicut
536 2839 551 2876 a
577 2818 697 2876 Graecis
724 2832 806 2878 ποιεῖν
833 2819 872 2878 ita
899 2820 989 2899 poni,
1016 2820 1148 2900 utalius
1184 2820 1269 2881 verbi

187 2902 280 2959 vicem
309 2899 457 2958 sustinens
494 2899 555 2957 eius
574 2899 754 2958 universam
791 2901 848 2958 vim
879 2901 1016 2974 denotet,
1055 2903 1136 2980 quod
1167 2901 1268 2962 multis

189 2981 328 3060 exemplis
359 2979 561 3061 comprobavit
580 2979 694 3038 Kuelm.
713 2981 747 3037 ad
773 2978 833 3040 Cic.
855 2981 942 3041 Taso.
967 2985 1017 3055 Ν,
1041 2986 1089 3054 14,
1111 2988 1160 3043 51.
1202 2983 1268 3059 Ita,-

188 3085 243 3146 qne
273 3067 303 3121 ia
332 3062 493 3121 hotrzinidns
520 3062 614 3119 solum
645 3064 806 3120 exsistunt:
834 3082 903 3120 nam
933 3063 1044 3121 bestiae
1063 3066 1159 3122 simile
1184 3062 1269 3146 quid-

188 3147 259 3204 dam
272 3143 408 3221 saeiunt,
438 3142 491 3200 sed
513 3144 542 3199 in
560 3143 795 3220 perturbationes
815 3164 871 3201 non
893 3144 1039 3202 incidunt*
1072 3143 1268 3205 EBoetticlt.

188 3225 382 3305 explicatione
403 3223 434 3280 iu
454 3224 523 3281 Lex.
545 3223 611 3283 Tac.
633 3244 646 3281 s
678 3244 705 3281 v.
718 3221 840 3299 faciunt
865 3223 883 3281 i.
906 3246 932 3303 q.
955 3225 1132 3304 producunt.
1176 3222 1269 3286 Orell-

189 3307 275 3366 attere
296 3303 459 3383 exemplum
480 3302 579 3362 Planci
606 3303 636 3361 iu
657 3304 730 3383 Epp.
755 3302 814 3363 Cic.
843 3305 878 3362 ad
899 3306 976 3364 Fam.
999 3308 1048 3379 Χ,
1067 3311 1116 3382 18,
1138 3312 1167 3366 2.
1197 3327 1271 3367 cona

65 3442 70 3453 .
181 3391 247 3448 tias
267 3386 341 3444 illud
370 3394 436 3441 erat
455 3385 604 3442 consilinm
626 3420 665 3433 -
688 3405 753 3444 cum
779 3386 890 3459 collega
912 3390 1121 3460 consentiente,
1151 3392 1193 3447 sie
1215 3388 1269 3445 mi-

83 3462 86 3468 ’
189 3469 256 3527 lites
270 3464 391 3544 faciunt
413 3463 446 3543 (i.
470 3485 494 3523 e.
512 3462 716 3544 consentiunt)
737 3467 866 3526 hostibus
887 3468 1000 3526 obviam
1022 3472 1075 3526 irc.
1111 3470 1268 3529 Postremo

191 3547 321 3627 exempla
356 3545 499 3619 subiecti,
536 3545 621 3604 cuius
649 3546 741 3606 vicem
771 3546 914 3607 sustineat
935 3548 1129 3628 pronomen,
1168 3545 1270 3611 omissi

190 3631 221 3689 iu
249 3639 398 3688 structura
425 3625 580 3686 accusativi
610 3647 677 3684 cum
705 3627 853 3686 infinitivo
885 3640 915 3688 et
943 3650 979 3688 ex
1010 3629 1159 3688 autecedd.
1186 3626 1269 3702 facile

192 3709 346 3789 supplendi
375 3707 424 3789 (ut
452 3707 479 3765 h.
502 3707 519 3765 l.
542 3704 604 3785 eos)
626 3706 791 3784 frequentia
812 3729 876 3768 esse
898 3710 1006 3770 docent
1032 3710 1123 3769 Kritz.
1146 3711 1182 3770 ad
1202 3708 1269 3773 Sall.

193 3789 256 3851 Cat.
275 3796 325 3863 31,
350 3795 376 3846 7.
412 3791 473 3869 lug.
496 3789 547 3860 46,
570 3793 596 3844 6.
632 3786 730 3846 Pabst‘.
753 3788 813 3846 Ecl.
835 3791 902 3848 Tac.
923 3813 950 3870 p.
972 3797 1042 3850 315.
1077 3794 1194 3871 Zumpt.
1216 3791 1269 3851 Gr.

192 3872 220 3955 ξ.
236 3876 303 3929 605.
342 3869 510 3949 Wopkens.
532 3869 624 3926 Lectt.
644 3867 721 3925 Tull.
736 3890 763 3947 p.
780 3875 829 3963 ⁵3>
859 3869 919 3931 Cit.
934 3874 1006 3930 Nat:
1019 3874 1056 3931 D.
1076 3874 1098 3946 1,
1116 3879 1144 3931 3.
1167 3875 1270 3930 existi-

194 3960 294 4024 mant,
308 3951 391 4030 puori
410 3953 458 4008 ille
479 3951 594 4007 inscitia
609 3948 699 4028 plane
719 3950 857 4029 loquendi
866 3951 990 4029 fecerit,
1011 3953 1116 4024 secisse
1134 3954 1270 4013 consulto.

287 4031 421 4101 Cassium
449 4026 604 4108 Severum]
632 4029 706 4087 Dial.
729 4037 777 4090 26.
824 4033 870 4091 De
899 4033 961 4092 eius
989 4033 1055 4093 loco
1083 4034 1170 4092 natali
1198 4030 1272 4093 nihil

179 4112 268 4179 :erui
299 4122 430 4170 constat:
461 4108 535 4169 falso
565 4111 630 4169 VV.
660 4111 725 4170 DD.
756 4112 936 4194 perhibent,
972 4135 1037 4174 eum
1067 4108 1271 4199 Longulau'um

216 4236 228 4268 x
299 4276 303 4285 ι

134 4328 207 4352 Α
