2634 4656
209 261 271 316 12¹2
329 206 334 221 =
528 253 686 336 Dialogus
709 255 747 314 ele
771 254 955 314 Oratoribus

159 401 167 407 ⁵
206 408 394 480 infirmitate
418 405 544 501 ingenii
572 434 633 480 nec
658 406 787 480 inscitia
812 404 993 478 litterarum
1019 404 1232 479 transtulisse
1251 433 1284 479 se

176 549 179 552 ·
206 507 250 579 atl
280 507 317 579 id
351 504 484 577 (licendi
519 512 624 599 genus
659 505 843 591 contendo,
864 505 938 587 <sed
968 505 1095 577 iudicio
1124 522 1157 576 et
1190 503 1283 578 intel-

205 604 300 678 lectu.
360 603 453 675 Vidit
488 630 651 703 nomque,
687 603 855 705 ut‘panlo
888 620 962 676 ante
996 602 1169 693 dicebam,
1209 631 1282 677 cum

205 703 395 777 conditione
415 719 600 800 temporum
625 720 656 775 et
674 693 861 776 diversitate
883 702 1013 774 aurium
1034 702 1178 774 lornsarn
1199 730 1280 803 quo-

205 832 269 903 qne
294 833 331 877 ac
351 801 493 903 speeiem
521 801 681 874 orationis
706 793 779 875 esse
797 800 997 873 mutandam.
1038 801 1148 874 Facile
1171 802 1295 917 perles

203 903 298 975 rebat
321 906 415 1002 prior
440 897 494 970 itte
520 899 683 998 populus,
718 918 755 973 ut
779 900 952 999 imperitus
977 917 1009 972 et
1033 899 1148 987 rudis,
1175 926 1277 1001 tmpe-

138 1094 150 1102 ὶ
203 999 441 1074 altissimarum
473 1002 660 1071 orationum
686 999 810 1101 spatia3
853 1015 951 1098 atque
984 997 1021 1070 id
1047 1000 1161 1101 ipsum
1189 998 1277 1073 laudi

279 1156 405 1237 flexisse
426 1155 463 1213 al
484 1156 537 1213 illo
556 1165 651 1213 oetere
672 1164 758 1236 atque
780 1154 896 1216 directa
915 1154 1032 1213 dicentii
1051 1152 1116 1235 oia]
1139 1153 1215 1214 Dial.
1232 1159 1276 1214 32.

104 1272 108 1279 =
204 1258 258 1297 sur
278 1243 307 1296 in
328 1247 442 1296 tautum
462 1236 500 1293 at
522 1237 683 1318 eloquentia
695 1241 880 1316 antiquorum
901 1247 1054 1297 oratorum
1068 1240 1275 1296 recesserimus.
1308 1300 1311 1305 ,

202 1319 335 1379 Flectere
357 1317 376 1376 i.
393 1339 420 1396 q.
435 1315 589 1376 deflectere
608 1316 647 1397 (c.
668 1339 785 1397 praepp.
806 1334 828 1376 'o
850 1316 895 1377 vel
918 1317 954 1374 tle
974 1317 1198 1376 usitatissimum
1217 1314 1274 1393 Cic.

203 1400 249 1459 vd.
270 1399 406 1460 Schuetz.
422 1398 491 1456 Lex.
509 1422 531 1457 s.
548 1396 592 1477 v.)
617 1399 714 1479 signif.
732 1399 853 1458 intrans.
876 1398 984 1480 legitur
1005 1399 1072 1458 Tac.
1089 1399 1166 1457 Anu.
1191 1401 1215 1473 l,
1233 1403 1275 1458 13.

193 1481 348 1562 fessusque
376 1482 506 1538 clamore
536 1483 681 1553 omnium,
718 1482 952 1560 expostulatione
980 1481 1161 1554 singulorum
1187 1480 1276 1562 fleuit

197 1565 343 1645 paulatim
372 1584 396 1622 c.
427 1572 525 1619 annot.
553 1560 640 1620 Bach.
663 1560 738 1633 ΧΙΠ,
761 1567 788 1620 3.
820 1571 976 1643 postquam
1005 1562 1048 1619 orl
1063 1561 1275 1641 prouidentiam

160 1654 178 1666 ”
201 1648 435 1722 sapientiamque
450 1642 559 1722 fleuit,
586 1663 669 1700 nemo
699 1646 774 1700 risui
799 1653 973 1723 temperare.
1023 1640 1067 1700 Cf.
1088 1644 1189 1702 Boett.
1209 1643 1274 1702 Lex.

200 1726 270 1784 Tac.
289 1747 312 1783 s.
334 1746 360 1782 v.
390 1723 565 1783 Rantshorn.
591 1724 644 1782 Gr.
670 1721 697 1803 ᾖ.
722 1726 787 1781 162.
809 1730 837 1782 2.
872 1723 989 1804 Reisig.
1015 1722 1132 1788 Vorle's.
1160 1723 1188 1805 ᾗ.
1213 1725 1274 1783 174.

96 1836 102 1841 -
201 1806 287 1865 Haas.
307 1817 406 1864 annot.
428 1809 497 1863 319.
525 1816 555 1864 et
584 1816 683 1864 annot.
711 1815 805 1863 nostr.
834 1804 878 1863 ad*
899 1804 973 1863 Dial.
996 1805 1023 1862 t.
1073 1805 1203 1864 llirecta
1232 1807 1275 1863 oio

96 1886 100 1895 ‘
201 1899 328 1946 nonest
353 1907 388 1945 ex
408 1885 529 1964 interpr.
558 1885 673 1955 Schola
697 1885 829 1950 severior
849 1897 879 1944 et
907 1884 1059 1943 horridior
1076 1885 1275 1965 antiquiorum

201 1968 385 2048 eloquentia,
407 1967 457 2026 sed
473 1967 548 2061 per,
573 1964 652 2044 qnod
673 1987 735 2024 non
754 1988 807 2046 per
827 1966 959 2047 ambages
979 1978 1029 2025 aut
1043 1966 1206 2042 anfractus,
1226 1966 1274 2027 set

125 2088 130 2096 -
200 2063 279 2121 recta
290 2050 324 2107 ad
335 2049 530 2127 eloquentiam
551 2047 639 2105 ducit.
660 2047 709 2125 Sic
722 2046 782 2108 Cic.
799 2048 882 2106 Finn.
902 2050 923 2121 l,
942 2052 988 2106 18.
1004 2047 1068 2105 init.
1097 2048 1274 2128 Opraeela·

200 2153 266 2205 ram
289 2131 373 2188 beate
398 2127 509 2186 oioeudi
528 2137 557 2185 et
576 2120 711 2202 opertam
733 2138 762 2186 et
781 2131 943 2210 simplicem
964 2139 993 2187 et
1011 2130 1160 2189 directam
1182 2131 1274 2190 eiam!

201 2213 254 2273 Or.
275 2233 318 2291 pr.
339 2208 416 2270 Cael.
437 2214 481 2267 17.
503 2209 646 2271 directum
667 2211 725 2266 iter
745 2211 789 2269 orl
809 2210 936 2269 laudem.

280 2292 388 2350 iurlisio
411 2301 440 2349 et
459 2286 621 2369 intellectu]
644 2289 822 2349 Intellectum
845 2313 904 2350 non
926 2291 1109 2370 interpretor
1132 2291 1273 2363 delectum

199 2394 224 2434 c.
246 2373 380 2445 Subula,
411 2372 462 2430 sed
489 2370 727 2453 intelligentiam
756 2368 943 2452 prudentiam⁸
967 2372 1136 2454 (Eiasicht‚
1163 2374 1273 2433 Kanat-

199 2454 352 2534 verstanrl)
380 2476 404 2512 e.
424 2452 572 2512 Ecksteia.
613 2451 687 2510 Dial.
709 2457 756 2511 31.
791 2455 858 2512 Tac.
880 2454 956 2512 Anu.
978 2457 1030 2530 Vl,
1052 2458 1101 2513 36.
1138 2458 1206 2534 quis
1225 2473 1273 2536 rre-

198 2558 252 2619 que
273 2537 339 2595 lorti
366 2537 525 2594 intellectus
552 2554 642 2615 neque
669 2535 743 2591 mali
767 2554 847 2592 curm
891 2534 995 2608 Quint.
1020 2536 1059 2607 Χ,
1090 2540 1118 2608 1,
1139 2541 1190 2594 50.
1219 2538 1273 2594 eit·-

198 2629 274 2678 tutes
295 2621 357 2674 eius
377 2640 433 2674 uon
454 2617 651 2674 aemulatione
672 2651 710 2662 -
732 2615 786 2675 set
805 2617 952 2674 intellectu
979 2619 1068 2698 sequi.
1110 2613 1157 2676 Cf.
1179 2616 1272 2677 Boou.

198 2699 267 2758 Lex.
288 2699 355 2757 Tae.
378 2710 407 2756 et
428 2696 563 2754 Bonnell.
584 2694 688 2770 Quint.
711 2717 733 2752 s.
754 2718 780 2753 v.
1151 2710 1156 2717 ’

282 2799 345 2836 cum
368 2778 529 2837 conditione
550 2788 710 2856 temporum
732 2787 761 2835 et
781 2775 952 2835 diuersitate
967 2783 1084 2836 aurium
1099 2814 1139 2827 -
1157 2788 1272 2837 mutan·

95 2907 103 2924 ,
198 2857 280 2935 dam]
309 2857 383 2917 Dial.
407 2864 452 2917 18.
490 2859 536 2916 De
564 2879 627 2918 voc.
656 2860 740 2923 auris
766 2857 813 2916 vd.
836 2858 1086 2920 annot.a‹l1Dial.
1109 2864 1156 2918 10.
1198 2860 1271 2919 Seu·

197 2939 288 2999 tentia
313 2939 340 2998 h.
367 2938 386 2997 l.
410 2950 469 2998 est:
501 2949 609 2997 mutata
637 2950 803 3018 temporum
832 2940 1021 3014 conditione,
1052 2939 1081 2998 h.
1111 2960 1135 2999 e.
1166 2951 1272 3001 mutata

196 3018 304 3081 liberae
326 3020 370 3079 rei
391 3019 522 3101 publicae
543 3019 635 3078 lomna
656 3019 685 3078 in
705 3018 860 3094 civitatem,
878 3041 951 3098 qnae
972 3042 1051 3080 nune
1069 3021 1160 3080 unius
1183 3021 1222 3081 im
1242 3040 1271 3081 e·

87 3111 95 3125 ⁸
196 3101 243 3161 rio
266 3103 395 3184 regitur,
418 3102 543 3180 indeque
564 3113 629 3158 nata
651 3099 818 3159 diversitate
839 3100 1015 3160 iudiciorum
1037 3101 1192 3163 hominum
1212 3044 1272 3164 iltr-

138 3212 145 3217 ·
197 3205 272 3242 mam
295 3204 413 3262 qunque
433 3204 465 3242 ac
486 3180 611 3262 speciem
630 3181 774 3240 orationis
796 3202 860 3241 esse
880 3182 1054 3241 mutandam.

274 3269 358 3345 prior
376 3266 424 3322 ille
444 3261 584 3343 populus]
614 3264 662 3320 ille
683 3278 727 3342 p'r.
747 3265 802 3319 iste
823 3284 838 3321 e
862 3260 935 3323 Cod.
957 3265 1042 3323 Fara.
1063 3263 1154 3324 nette.
1175 3266 1271 3327 Baete

197 3363 277 3422 seqq.
299 3356 414 3424 praeter
431 3345 505 3424 Rup.
521 3355 550 3402 et
560 3342 676 3402 Walth.
719 3343 809 3401 Prior
824 3346 948 3425 populus
968 3346 1036 3403 Tae.
1049 3345 1128 3405 Anu.
1149 3348 1204 3423 xl,
1223 3350 1270 3407 24.

192 3429 308 3507 priores
335 3428 384 3498 ΙΙΙ,
412 3429 459 3482 55.
506 3423 610 3499 Quint.
631 3425 683 3496 lX,
712 3429 741 3496 2,
769 3426 817 3483 41.
852 3430 935 3507 prius
962 3446 1064 3485 aevum
1093 3427 1172 3487 Hist.
1199 3430 1221 3503 Ι,
1244 3432 1268 3487 1.

196 3516 276 3566 vetus
322 3506 423 3587 opulus
451 3507 527 3571 Anu.
549 3506 600 3575 Ν,
627 3510 675 3564 32.
703 3514 782 3563 oetas
808 3527 856 3565 res
877 3506 1000 3589 'publiea
1026 3508 1082 3582 ΧΙ,
1113 3514 1162 3568 23.
1194 3518 1271 3569 octus

193 3527 387 3668 aetatique.
404 3593 430 3645 2.
447 3583 656 3666 ibiqvvatct„
677 3585 727 3663 qui
743 3583 817 3645 bene
833 3587 992 3659 annotavit,
1009 3588 1160 3648 adiectivis
1174 3593 1268 3671 prior,

195 3680 291 3742 aetus,
323 3677 466 3740 vetustus,
495 3671 633 3746 antiquus
651 3678 680 3724 et
698 3670 810 3747 priscus
837 3668 912 3748 apud
934 3661 1093 3748 scriptores
1117 3664 1272 3752 argenteae

179 3751 293 3890 ⁸qetatis
316 3749 449 3809 denotari
472 3760 603 3830 tempora
622 3745 728 3807 liberae
749 3748 792 3807 rei
814 3749 945 3828 publicae
956 3750 1107 3829 usquead
1124 3751 1279 3832 proelium

223 3832 354 3891 ctiacum.

212 3926 216 3938 ·
274 3911 563 3991 impeditissimarum
581 3912 747 3969 orationum
766 3908 884 3992 spatio]
905 3911 1197 3991 impeditissimarum
1216 3931 1271 3993 pro

192 3994 479 4071 imperitissimorum
499 3991 565 4050 lect.
586 3989 680 4050 Codt.
703 4001 732 4048 et
752 3989 956 4071 plerarumque
974 3993 1045 4051 Edt.
1063 3994 1148 4053 etiam
1158 3992 1269 4053 Drouk.

193 4083 224 4132 et
233 4072 343 4147 Osann.
360 4093 394 4130 ex
410 4072 550 4130 emendat.
560 4070 667 4130 Muret.
681 4071 790 4150 primus
803 4073 1047 4153 recepitSclmla.‚
1060 4085 1123 4134 tum
1136 4085 1268 4147 recem,

193 4173 266 4234 quae
290 4153 480 4212 cnrrfirmatnr
508 4152 604 4215 verbis
633 4151 719 4214 huius
748 4152 866 4234 capitis:
895 4158 923 4213 si
950 4155 1074 4217 dieemlo
1098 4161 1164 4239 quis
1193 4156 1268 4217 diem
