2634 4656
186 284 230 343 10
523 279 683 363 Dialogus
704 281 744 342 de
763 279 948 342 Oratoribus

185 460 385 523 sermonem,
412 448 444 505 et
459 433 589 603 Aprum
613 433 749 530 ingenio
766 434 879 534 potius
901 448 934 505 et
956 433 987 504 vi
1008 447 1148 506 naturae
1166 460 1264 532 quam

183 532 391 605 institutione
423 549 455 604 et
501 532 605 604 itteris
638 534 760 604 lamam
795 532 1003 630 eloquentiae
1036 549 1263 605 consecutum.

182 632 268 705 Num
288 647 321 704 et
338 631 496 707 Secundo
521 659 628 732 purus
656 648 688 704 et
709 658 847 732 pressus
866 647 908 720 et,
933 631 969 703 in
996 646 1160 730 quantum
1186 631 1263 705 nafis

107 848 110 853 ·
183 815 261 877 mula
273 835 480 897 meque-nee
501 825 531 874 et
552 813 744 897 (οὔτε-μήτε
764 814 805 897 τε)
834 815 870 876 ci.
891 815 1029 874 German.
1050 820 1079 875 2.
1101 812 1175 895 ibiq.
1193 816 1262 877 Pas-

184 920 248 960 sov.
264 910 294 957 et
306 899 393 957 Hess.
423 896 569 955 Boettich.
589 898 659 956 Lex.
680 919 703 956 s.
724 920 752 957 v.
774 917 845 971 nea,
868 896 1011 957 Ochsner.
1029 896 1064 954 ad
1080 893 1144 956 Cic.
1162 896 1261 979 Eelog.

182 1002 212 1060 p.
235 985 303 1039 156.
324 978 378 1037 Ed.
401 979 449 1035 lll.
474 978 601 1058 Herzog.
622 978 656 1036 ud
680 977 762 1039 Caes.
782 980 816 1037 B.
839 978 877 1038 G.
898 980 949 1050 lV,
972 983 1021 1037 29.
1051 978 1085 1036 Β.
1099 974 1134 1037 C.
1149 978 1202 1053 lll,
1216 984 1260 1038 60.

184 1060 236 1140 qui
256 1069 404 1139 comparat
424 1079 490 1117 cum
510 1070 604 1117 nostr.
620 1059 704 1118 form.
726 1060 796 1119 eben
815 1082 848 1118 so
864 1063 957 1133 menig
970 1092 1006 1104 —
1021 1059 1068 1118 als
1080 1058 1261 1137 ausserdern,

182 1144 229 1200 als
249 1141 422 1220 iiberlraupt.
444 1173 483 1185 -
525 1139 660 1214 Augusto
686 1152 826 1222 prompta
846 1162 885 1201 aa
901 1141 1052 1222 profluens
1071 1160 1150 1221 quae
1177 1140 1261 1201 deae·

182 1233 228 1282 ret
243 1226 406 1303 prinoipem
424 1221 589 1298 eloquentia
602 1222 665 1300 suit
685 1224 762 1282 Ann.
780 1225 857 1295 Xlll,
872 1229 899 1282 3.
921 1232 1089 1303 promptum
1108 1243 1142 1280 os
1157 1222 1261 1296 Quint.

182 1304 235 1378 Xl,
258 1310 287 1376 3,
309 1310 357 1362 52.
376 1312 516 1384 prompta
538 1313 566 1361 et
582 1315 696 1384 parato
718 1307 747 1362 in
762 1305 876 1378 agendo
899 1314 928 1361 et
943 1303 1145 1384 respondenda
1158 1306 1260 1363 aeleri*

183 1396 232 1444 tas
254 1383 314 1445 Cic.
335 1385 419 1442 Brut.
440 1389 492 1457 42,
518 1387 604 1458 154,
634 1406 729 1464 aquo
751 1385 786 1444 de
809 1385 942 1443 oratione
963 1397 993 1444 et
1015 1383 1186 1464 eloquentia
1209 1406 1261 1445 ex-

179 1467 298 1548 peditus
317 1477 493 1545 usurpatur:
526 1465 564 1522 ib.
590 1471 640 1540 61,
662 1473 730 1525 220.
775 1467 886 1526 Orator
914 1477 1012 1525 autem
1039 1471 1108 1525 rivis
1128 1470 1193 1525 eius
1211 1487 1261 1527 ae-.

182 1550 316 1626 qualibus
333 1551 488 1628 proximus
500 1550 635 1626 ‘optimis
661 1549 873 1606 numerabatur
897 1559 1019 1628 propter
1039 1548 1197 1615 verborum
1212 1549 1261 1613 ba,

182 1634 323 1701 nitatem,
353 1639 385 1686 ut
405 1638 474 1686 ante
496 1627 577 1701 elixi,
607 1639 636 1687 et
655 1628 824 1707 expeditam
847 1650 884 1687 ae
902 1631 1096 1711 profluentem
1116 1630 1260 1711 quodam-

183 1712 270 1771 modo
290 1711 479 1769 celeritatem.
522 1709 562 1768 lb.
584 1715 635 1787 63,
654 1717 725 1772 227.
765 1710 918 1792 Expedita
936 1721 1035 1770 autem
1055 1722 1123 1771 erat
1144 1723 1174 1772 et
1191 1732 1261 1795 per·

62 1858 71 1877 f
173 1790 271 1873 facile
291 1813 410 1851 currens
432 1795 537 1851 oratio.

196 1898 198 1903 ’
261 1904 342 1967 Nam
371 1914 400 1963 et
427 1903 561 1962 Secunda
587 1925 679 1984 purus
708 1915 737 1963 et
784 1925 881 1964 rossus
909 1916 938 1965 et
965 1909 995 1964 in
1021 1915 1167 1988 quantum
1187 1908 1261 1967 satis

182 1997 264 2059 erat,
292 1986 442 2067 profluens
463 2007 558 2043 sermo
579 2008 635 2043 reon
655 1928 781 2066 desuitf
802 1987 880 2048 Nam
911 1987 1008 2069 signif.
1034 1987 1201 2065 intensiva,
1226 1996 1260 2049 ut

182 2069 366 2128 Graecorum
397 2069 449 2142 γάρ
476 2065 566 2144 accipi
595 2065 659 2124 vult
686 2067 774 2125 Baeh.
802 2067 920 2128 laudans
950 2071 1018 2128 Tac.
1047 2068 1134 2128 Anu.¹
1148 2071 1185 2145 ll,
1213 2074 1259 2129 63.

181 2170 251 2209 nam
274 2150 374 2207 multis
395 2148 561 2205 nationibus
590 2149 786 2206 clarissimum
809 2150 955 2226 quondam
975 2171 1074 2224 regem
1096 2151 1140 2209 ad
1159 2172 1192 2210 se
1212 2170 1260 2211 oo·

182 2230 317 2290 eantilus
345 2230 513 2288 Romanam
549 2231 715 2287 amicitiam
750 2234 934 2310 praetulisse.
983 2231 1083 2313 Agrie.
1110 2234 1161 2293 46.
1191 2252 1260 2293 uam

182 2314 289 2372 multas
312 2321 439 2370 ueterum
464 2311 539 2369 velut
558 2312 698 2384 inglorios
726 2323 754 2369 et
781 2314 920 2385 ignobiles
940 2313 1044 2372 oblivio
1064 2314 1186 2373 obruet:
1212 2312 1260 2375 rel:

181 2392 328 2454 Boettieh.
348 2392 417 2450 Lex.
445 2392 514 2451 Tac.
543 2413 566 2450 s.
594 2412 673 2450 nam.
694 2427 732 2439 -
761 2392 861 2452 Purus
881 2416 977 2455 sermo
1000 2406 1045 2455 est
1066 2395 1110 2472 sie
1127 2394 1260 2473 Latione,

182 2487 217 2534 nt
237 2473 310 2533 nihil
332 2472 480 2556 peregrini
500 2473 546 2534 vel
566 2472 682 2533 barbari
708 2474 867 2535 admixtum
888 2477 998 2536 habeat.
1040 2474 1105 2537 Cic.
1123 2477 1161 2545 de
1179 2477 1260 2538 Orat·

181 2557 232 2630 lll,
261 2563 291 2630 8,
319 2561 369 2616 29.
418 2555 500 2636 Quid
524 2556 679 2615 iucundius
708 2558 830 2616 auribus
857 2564 965 2617 nostris
992 2579 1120 2640 unquam
1149 2558 1262 2619 accidit

180 2638 268 2697 huius
284 2642 417 2696 oratione
433 2637 555 2695 Catuli?
577 2659 654 2716 quae
671 2648 715 2697 est
725 2659 804 2718 pura
820 2643 882 2713 sio,
905 2651 937 2698 ut
951 2641 1058 2699 Latine
1074 2642 1156 2718 lapui
1165 2658 1261 2723 paene

180 2721 261 2778 solus
285 2719 426 2777 rideatur.
455 2718 540 2775 Brut.
555 2723 606 2793 78,
622 2722 691 2777 274.
720 2719 775 2778 Vd.
794 2721 913 2779 Ernesti
929 2723 998 2780 Lex.
1012 2721 1089 2782 tech.
1106 2724 1170 2781 Lot.
1184 2720 1261 2783 rhet.

181 2821 205 2860 s.
228 2821 275 2858 vv.
301 2800 450 2857 Latinitas
473 2810 503 2857 et
524 2819 625 2878 purus.
646 2832 688 2843 -
731 2799 780 2860 Sic
801 2801 921 2862 Graecis
950 2809 1079 2881 καθαρῶς
1098 2805 1213 2882 γράφω
1232 2812 1261 2863 et

149 2877 317 2953 'sumtis-o
339 2912 377 2924 —-
401 2882 554 2955 ἑλληνισμός
580 2899 746 2964 synonyma
780 2895 865 2943 sunt:
897 2884 943 2943 vd.
973 2886 1044 2944 Ern.
1064 2886 1135 2944 Lex.
1163 2884 1260 2947 techn-

182 2963 237 3022 Gr.
257 2961 332 3021 rhet.
357 2983 379 3021 s.
396 2982 424 3019 v.
443 2964 574 3038 καθαρός.
615 2962 720 3044 Synon
744 2983 789 3020 ma
809 2977 879 3023 sunt
896 2988 998 3046 purus,
1022 2969 1142 3041 latinus,
1164 2986 1260 3027 ema*

181 3043 286 3119 datus,
309 3052 427 3118 castus,
449 3042 610 3117 candidus,
640 2983 773 3122 liquiriirs.
794 3044 842 3105 vd.
863 3046 933 3105 Ern.
955 3048 985 3107 ll.
1003 3048 1032 3106 ll.
1053 3084 1095 3097 -
1135 3048 1261 3109 Pressus

180 3146 276 3186 sermo
299 3124 480 3208 (contractio
503 3127 646 3184 orationis
661 3122 721 3184 Cic.
740 3125 840 3185 Partit-
857 3144 901 3187 or.
917 3134 944 3188 6.
966 3130 1132 3205 gedra‘rrgte
1146 3126 1260 3211 Kiirze)

180 3219 227 3268 est
246 3207 364 3281 brevis,
386 3206 511 3281 densus,
535 3206 566 3266 in
588 3227 648 3286 quo
670 3206 766 3266 omnia
785 3220 844 3267 tam
863 3222 929 3291 apta
949 3224 1036 3286 sunt,
1064 3224 1099 3271 ut
1117 3211 1194 3271 nihil
1213 3230 1261 3273 re·

180 3289 300 3348 tundet.
352 3288 526 3373 synonyma
552 3299 621 3348 sunt
639 3309 775 3370 pressus,
809 3289 931 3367 densus,
961 3293 1070 3366 brevis,
1100 3296 1260 3354 astrictus:

181 3368 288 3450 quibus
310 3370 455 3432 contraria
475 3370 645 3437 abundans,
666 3370 850 3445 redundans,
864 3370 968 3451 susus,
992 3372 1132 3456 effluens,
1155 3379 1261 3435 immo·

180 3450 280 3524 dicus,
311 3452 481 3526 luxurians,
512 3453 695 3524 luxuriosus,
724 3453 844 3512 solutus.
867 3455 955 3534 Apud
976 3456 1106 3516 Graecos
1129 3462 1199 3526 λέξις
1217 3480 1261 3517 no·

180 3537 330 3609 uuxrapim
340 3564 377 3578 -·
388 3539 596 3610 συνεστραμμένη
604 3569 642 3582 -
652 3538 791 3611 avuspueri
805 3541 851 3607 τῆς
869 3543 961 3605 λέξεως
975 3538 1139 3618 opponitur
1160 3542 1261 3618 πριβσ-

180 3619 471 3693 plepem-loturam
494 3621 560 3682 λέξει
581 3615 628 3674 vd.
648 3615 719 3673 Ero.
741 3616 809 3675 Lex.
830 3619 928 3678 techn.
944 3620 1005 3678 Lat.
1021 3642 1048 3700 p.
1064 3625 1132 3678 301.
1155 3621 1260 3681 Graec·

202 3737 209 3753 .
231 3700 299 3755 335.
320 3697 417 3756 Herzo
440 3743 446 3756 .
467 3697 592 3758 Uebers.
615 3718 649 3775 v.¹
665 3696 769 3770 Quint.
790 3699 823 3756 L.
844 3701 880 3758 X.
905 3723 933 3780 p.
948 3705 1015 3760 131.
1037 3699 1098 3763 Cic.
1122 3701 1158 3761 de
1176 3701 1260 3762 Oret.

179 3716 218 3851 ll,
239 3783 290 3851 23,
315 3782 362 3836 96.
405 3719 494 3860 {aad
519 3780 613 3839 silio
641 3788 740 3837 noster
759 3779 907 3859 Sulpicius
918 3781 1054 3861 faceret,
1085 3785 1261 3842 multocius

181 3861 278 3917 aratio
298 3870 373 3918 esset
390 3864 537 3940 pressior,
568 3864 598 3919 in
619 3880 678 3940 qua
699 3879 774 3918 nune
794 3864 957 3938 interdum,
991 3868 1074 3922 utin
1096 3865 1279 3923 oerlisruss.

180 3941 250 3999 ttici
268 3940 361 3999 solent
382 3941 499 4017 dicere,
519 3945 549 4000 in
569 3960 686 4000 summa
701 3941 834 4000 ubertate
855 3948 929 4004 inest
949 3948 1081 4004 luxuries
1101 3946 1260 4027 quaedam,

180 4038 258 4103 puae
285 4023 353 4080 stilo
380 4022 568 4103 depascenda
593 4031 644 4080 est.
681 4021 785 4095 Quint.
805 4025 843 4098 X,
867 4030 895 4101 1,
917 4033 964 4086 76.
1014 4027 1147 4108 Quorum
1177 4029 1261 4102 longe

176 4104 315 4183 princeps
347 4101 558 4162 Demosthenes
588 4121 625 4160 ae
650 4123 745 4183 paene
766 4105 814 4163 lex
836 4109 944 4167 orandi
954 4107 1033 4185 suit:
1061 4119 1148 4168 tanta
1169 4112 1213 4169 ais
1231 4112 1262 4167 tn

180 4202 234 4259 eo,
256 4191 320 4243 tam
339 4182 432 4245 densa
451 4188 568 4263 omnia,
592 4185 637 4245 ita
653 4185 826 4265 quibusdam
846 4193 941 4250 nervis
959 4193 1074 4250 intenta
1092 4199 1177 4267 sunt,
1197 4200 1260 4251 tam
