2634 4656
116 245 182 307 aoo
401 240 594 339 gntaugu
618 191 656 303 a
680 240 862 336 asatorum
965 197 976 331 J

117 415 149 474 et
172 395 313 470 testibus
340 393 505 469 silentium
526 396 674 497 patronis
699 395 824 469 indicit.
844 397 969 468 quus
996 395 1090 468 inter
1107 393 1186 470 haec

117 497 238 571 dicenti
259 497 315 569 aul
334 494 417 568 alter
433 497 556 572 assistit
581 515 612 569 et
628 523 680 567 res
703 495 789 568 velut
810 497 843 568 in
863 494 1044 567 solitudine
1068 495 1185 592 agitur.

29 647 33 654 -
114 597 253 671 Oratori
274 613 381 669 antem
400 596 541 669 clamore
558 596 743 697 plausuque
761 624 855 696 opus
872 611 920 668 est
937 611 967 667 et
992 593 1082 668 velut
1101 623 1188 694 quo-

67 716 78 753 '·
119 697 200 771 dam·
221 697 368 783 theatro,
395 696 505 797 qualia
529 695 650 770 ‘cotidie
674 695 818 795 antiquis
842 695 1039 769 oratoribus·
1060 694 1188 767 contin.

117 878 253 946 tanquam
274 865 424 948 ingeniosa
444 867 576 929 laudatur·
594 887 610 926 a
628 865 836 948 Peerlkampio.
876 866 925 925 Fr.
946 866 1033 924 Hess.
1054 863 1086 923 in
1110 884 1188 923 eom-

119 960 221 1010 mentt.
248 970 316 1007 mss.
345 948 402 1032 legi
422 949 486 1010 vult
506 962 555 1008 aut
573 941 698 1029 patrono
720 949 858 1009 indicitur
886 947 951 1007 coll.
973 947 1048 1006 Plio.
1069 947 1144 1027 Epp.
1165 946 1188 1020 Ι,

39 1062 47 1076 2
119 1038 171 1104 23,
193 1036 221 1090 3.
243 1033 385 1119 sileptium
408 1033 559 1114 clepsydra
578 1030 679 1101 indici,
699 1033 1058 1112 aut‘silentiumpatronus
1075 1029 1190 1099 inducit

119 1112 186 1174 coll.
206 1112 309 1186 Quint.
333 1114 384 1184 xl,
405 1120 435 1188 2,
456 1118 516 1184 48,
536 1125 571 1172 ut
591 1111 638 1172 uv.
657 1114 878 1194 probationibus
897 1122 926 1170 et
946 1111 1064 1171 testibus
1092 1109 1190 1180 dativo

119 1193 304 1275 accipiantur.
323 1193 396 1258 Mihi
408 1195 625 1276 praeferendum
639 1195 769 1254 videtur:
784 1197 917 1272 patronis
929 1192 1045 1253 indicit:
1063 1191 1188 1273 Haeufig

119 1277 234 1359 lcgt'er
254 1274 322 1356 (der
341 1275 477 1357 Richter)
497 1286 601 1360 wegeh
622 1277 674 1336 der
694 1276 902 1337 lleweismittel
921 1275 982 1334 und
1002 1275 1055 1334 der
1071 1272 1209 1355 Zeugen'

121 1360 177 1420 deo
200 1356 395 1441 Sachwalteru
408 1358 641 1440 Stillschweigen
662 1353 718 1418 aul.
758 1356 1001 1417 Prodationes¹ab
1019 1355 1188 1418 rhetoribus

17 1479 34 1513 ῃ
121 1462 137 1502 a
178 1439 302 1499 ellantur
322 1461 421 1501 ontnes
443 1441 507 1500 illae
532 1463 598 1517 res,
626 1440 730 1521 quibus
760 1439 868 1520 aliquid
894 1439 1054 1521 probatur,
1083 1459 1131 1497 res
1151 1435 1192 1497 ad

95 1525 99 1531 “
112 1464 391 1604 frildmsaeiendam
413 1527 565 1605 appositae
586 1521 652 1582 coll.
680 1521 783 1598 Quint.
806 1521 823 1581 l.
845 1522 880 1598 1.,
901 1531 998 1590 πίστεις
1017 1520 1062 1579 vel
1085 1523 1189 1578 ἀποδεῖ.

121 1611 182 1673 ἕεις,
201 1603 420 1664 Bewcismitt'cl.v
453 1604 485 1663 Ἀ
508 1602 569 1665 Cic.
597 1604 632 1664 de
655 1604 736 1679 Orat.
758 1606 794 1679 ll,
814 1599 862 1664 27.
885 1609 1007 1664 itaet
1028 1601 1134 1677 Quint.
1155 1605 1191 1674 V,

125 1691 141 1747 1
165 1709 227 1766 sqq.
247 1687 403 1745 edocemur
425 1687 529 1767 duplex
550 1709 641 1768 genus
660 1685 865 1767 probationum
886 1685 992 1746 luisse:
1014 1686 1048 1744 ad
1069 1684 1192 1764 alterum

13 1831 15 1836 ,
123 1768 269 1851 pertinere
292 1766 513 1848 inartificiales,
535 1790 606 1848 quae
626 1790 687 1843 oon
707 1770 911 1852 excogitentur
933 1767 967 1827 ab
984 1778 1121 1839 oratore,
1142 1765 1193 1827 sed

124 1872 194 1931 quas
214 1851 243 1909 iu
264 1851 424 1930 repositas
445 1863 525 1911 extra
548 1851 660 1912 dicendi
681 1851 822 1911 rationem
844 1850 980 1931 accipiat,
1006 1861 1041 1909 ut
1064 1849 1192 1921 tabulas,

124 1943 274 2006 cantares,
295 1941 467 2006 tormenta‚'
480 1935 698 2008 iusiurandum,
722 1937 897 2006 testimonia,
916 1930 1025 2013 pacta‚‘¹
1042 1942 1192 2004 corruente,

33 2078 37 2085 ,
125 2016 328 2096 quaestionem*
352 2016 439 2089 leges,
459 2027 577 2074 senatus
596 2018 799 2090 consulta,res
818 2015 973 2088 iudicatas,
994 2014 1125 2084 decreta,
1146 2032 1193 2071 re-

125 2116 232 2177 sponsa
257 2093 323 2163 rel.;
346 2097 380 2155 ad
400 2096 522 2160 alterum
543 2094 728 2180 artificiales,
751 2120 820 2176 quas
841 2097 871 2156 in
886 2092 1082 2178 disputatione
1103 2107 1134 2153 et
1147 2115 1193 2152 ar-

56 2248 57 2253 ,
125 2173 342 2261 gumentatione
363 2176 516 2238 collocatas
537 2191 637 2239 orator
665 2203 700 2241 ex
721 2201 805 2241 causa
823 2179 918 2239 trahat
936 2179 998 2260 ipse
1019 2189 1048 2237 et
1069 2177 1193 2258 quodam

125 2256 396 2340 memy
973 2273 977 2292 ·
1106 2278 1109 2282 ·
1222 2256 1227 2272 ‘

79 2421 82 2429 ,
103 2370 111 2389 v
151 2399 156 2425 ,
210 2357 335 2434 υηχυε-
353 2357 508 2440 auraria]
528 2359 553 2418 e
570 2343 645 2436 caus
656 2359 741 2419 carn:
755 2358 844 2418 ueri.
861 2359 957 2419 soen.
974 2357 1092 2418 waren.
1107 2357 1193 2417 naci.

126 2453 157 2503 et
175 2440 265 2510 ttiu,
285 2441 400 2520 quode
421 2441 587 2502 coniectura
605 2442 721 2502 Broter.
741 2463 756 2500 a
777 2432 899 2502 Seebod.
919 2441 973 2500 iam
995 2440 1105 2500 editutu
1128 2452 1193 2509 est;

127 2547 164 2584 aa
189 2521 281 2583 Codd.
304 2523 367 2607 Par.
397 2523 483 2582 Vind.
510 2524 662 2604 pleraeque
688 2524 778 2597 Edu,
806 2534 892 2604 atque
910 2524 1138 2598 Ern.Liiuem.‚
1166 2531 1194 2581 et

126 2604 240 2691 Dronk.
254 2605 371 2664 Osann.
394 2605 484 2665 Orell.
503 2605 549 2681 Cf.
564 2617 661 2665 annot.
681 2606 716 2666 ad
736 2605 808 2665 Dial-
829 2610 877 2665 21.
897 2628 925 2685 p.
950 2611 1015 2665 122.

151 2722 153 2727 “
186 2758 189 2766 .
210 2704 332 2765 Oratori
353 2738 390 2751 -
413 2702 544 2785 tlzeatro]
568 2704 877 2786 Clamorplaususque
898 2705 917 2762 i.
938 2727 965 2784 q.
983 2703 1093 2762 clamor
1111 2701 1194 2782 plau-

112 2787 256 2848 dentium
279 2785 407 2866 (elamor
420 2787 602 2845 laudantium
623 2786 770 2861 Quint.X‚
781 2792 809 2860 1,
832 2793 877 2845 17.
899 2809 921 2847 c.
940 2799 1037 2851 annot.
1057 2780 1195 2862 Herbst.)

69 2893 77 2907 ’
116 2869 174 2930 'vel
201 2867 317 2948 plausus
345 2867 582 2945 cumulatiore,
610 2868 731 2944 otlLiv.
760 2870 893 2942 ΧΧΧΙΙΙ,
920 2875 966 2928 32.
998 2874 1099 2936 tantus
1127 2887 1195 2924 curn

129 2953 258 3011 elamore
273 2952 400 3033 plausus
420 2961 463 3009 est
480 2961 568 3010 ortus.
608 2946 669 3010 Cic.
693 2952 727 3010 de
746 2951 813 3010 Div.
837 2953 858 3022 l,
880 2958 928 3013 28.
976 2952 1104 3009 Senatus
1125 2969 1195 3008 eon-.

58 3044 60 3049 ’
128 3035 234 3094 sultam
262 3066 292 3077 -
306 3030 540 3114 frequentissimo
562 3034 678 3105 theatro
703 3033 867 3092 incredibili
894 3035 1021 3091 elamore
1042 3042 1070 3090 et
1087 3032 1196 3111 plausa

94 3109 105 3125 ⁹
130 3115 354 3196 comprobatum.
401 3117 460 3174 De·
474 3114 530 3174 hoe
556 3137 639 3175 more
655 3115 812 3196 ‘plaudendi
840 3115 875 3176 cf.
897 3116 999 3189 Quint.
1020 3117 1071 3189 lv,
1094 3120 1123 3185 2,
1139 3112 1195 3171 37.

130 3208 275 3258 cannot.
301 3195 398 3276 Spald.
445 3195 529 3276 Quae
556 3198 668 3280 quidem
701 3201 788 3258 uirtus
817 3200 973 3273 negligitur
1003 3218 1024 3255 a
1048 3198 1195 3278 plurimis,

129 3284 179 3364 qui
197 3279 239 3338 ad
257 3280 414 3343 clamorem
440 3278 597 3362 dispositae
624 3281 669 3338 uel
686 3278 768 3358 sorte
795 3279 984 3358 circumfusae
1003 3277 1197 3339 multitudinis

131 3365 283 3442 eaurpositi
302 3381 358 3419 non
376 3358 478 3439 jerunt.
496 3362 570 3421 illud
587 3365 751 3421 intentionis
777 3365 921 3423 silentium
942 3382 994 3420 nec
1016 3362 1074 3420 sibi
1092 3360 1198 3418 diserti
1228 3377 1232 3382 ·

26 3453 28 3459 '
86 3504 89 3515 ,
130 3444 271 3516 ridentur,
294 3446 455 3502 nise-'omnia
474 3446 652 3504 tumultuas
668 3442 867 3522 vociferatione
885 3447 1088 3503 concusserint.
1110 3439 1211 3521 Quid¹

10 3554 29 3581 μ
131 3525 172 3587 eit
190 3528 335 3587 theatrum
355 3522 430 3586 bene
450 3526 608 3607 explicavit
626 3528 697 3586 Eru.
719 3524 763 3587 Cl.
785 3526 861 3588 Cic:
893 3526 924 3608 1)
943 3524 1107 3605 frequentia
1126 3543 1212 3604 spe-¹

130 3620 273 3670 ctatorum
294 3618 324 3666 et
343 3607 523 3680 auditorum3
545 3609 578 3688 2)
602 3608 731 3683 occasio,
753 3607 833 3669 locus
849 3609 889 3667 ita
910 3606 1127 3668 demonstrandi
1149 3599 1199 3663 in-'

99 3715 100 3720 ¹
131 3690 220 3772 genii,
240 3689 376 3763 virtutis,
397 3701 459 3749 uta
481 3688 612 3770 plurimis
627 3691 765 3772 cognosci
787 3691 891 3772 possit,
912 3702 942 3751 et
961 3689 1093 3762 omnino,
1113 3685 1197 3768 quic-

133 3773 203 3852 quid
229 3771 268 3832 ita
288 3771 336 3845 fit,
365 3782 399 3830 ut
423 3772 454 3831 in
481 3772 573 3833 oculis
601 3773 751 3833 hominum
772 3775 837 3848 fiat,
867 3772 896 3831 id
924 3774 953 3832 in
983 3772 1099 3831 theatro
1128 3768 1196 3829 fieri

132 3854 247 3913 dieitur.
296 3851 356 3914 Cic.
377 3854 510 3927 Bruta,
532 3861 559 3914 6.
592 3878 677 3937 quum
698 3855 797 3933 ¹ferram
823 3858 923 3938 populi
938 3857 1090 3926 Romani,
1120 3850 1198 3934 quod

124 3935 233 4016 ficisset
256 3932 340 4018 quasi
358 3937 502 3995 theatrum
531 3938 607 3996 illius
626 3941 740 4012 ingenii.
788 3938 891 4012 Quint.
904 3939 933 4012 l,
950 3944 980 4010 2,
1002 3942 1030 3996 9.
1051 3957 1074 3995 c.
1096 3945 1195 3995 annot.

133 4017 230 4098 Spald.
251 4021 373 4099 optimus
390 4029 560 4099 praereptor
570 4016 737 4100 frequentia
748 4020 858 4094 gaudet
877 4023 1044 4080 aeaemaiore
1062 4038 1095 4076 se
1110 4019 1195 4076 titea-

116 4104 182 4162 ¹tro
209 4099 437 4176 dignum‘putat.
483 4102 529 4160 lte
555 4122 587 4160 re
610 4103 645 4161 cl.
667 4100 726 4162 Cic.
748 4103 783 4161 de
805 4104 885 4162 Orat.
909 4104 945 4175 ll,
965 4108 1015 4173 83,
1037 4107 1106 4161 338.
1146 4099 1194 4158 Fu
1226 4130 1229 4139 ·

106 4193 248 4279 ι12212111,
260 4196 319 4254 ω,
343 4187 410 4266 quia
431 4186 563 4242 maxima
584 4188 667 4266 quasi
688 4191 802 4245 oratori
819 4204 906 4246 scena
928 4185 1061 4244 rideatur
1080 4186 1194 4244 conciu-
