<?xml version="1.0" encoding="UTF-8"?>
<!DOCTYPE html PUBLIC "-//W3C//DTD XHTML 1.0 Transitional//EN"
    "http://www.w3.org/TR/xhtml1/DTD/xhtml1-transitional.dtd">
<html xmlns="http://www.w3.org/1999/xhtml" xml:lang="en" lang="en">
 <head>
  <title>
</title>
<meta http-equiv="Content-Type" content="text/html;charset=utf-8" />
  <meta name='ocr-system' content='tesseract 3.04.00' />
  <meta name='ocr-capabilities' content='ocr_page ocr_carea ocr_par ocr_line ocrx_word'/>
</head>
<body>
  <div class='ocr_page' id='page_1' title='image "./dialogusdeorato00tacigoog_0233.png"; bbox 0 0 2634 4656; ppageno 0'>
   <div class='ocr_carea' id='block_1_1' title="bbox 159 237 1033 346">
    <p class='ocr_par' dir='ltr' id='par_1_1' title="bbox 159 237 1033 346">
     <span class='ocr_line' id='line_1_1' title="bbox 159 237 1033 346; baseline -0.005 -18"><span class='ocrx_word' id='word_1_1' title='bbox 159 237 250 335; x_wconf 58' lang='lat'><strong><em>{180</em></strong></span> <span class='ocrx_word' id='word_1_2' title='bbox 510 265 673 346; x_wconf 76' lang='lat' dir='ltr'><strong><em>Dialogus·</em></strong></span> <span class='ocrx_word' id='word_1_3' title='bbox 690 265 727 324; x_wconf 83' lang='lat' dir='ltr'><strong><em>de</em></strong></span> <span class='ocrx_word' id='word_1_4' title='bbox 747 261 938 339; x_wconf 79' lang='lat' dir='ltr'><strong><em>¹Orataribus</em></strong></span> <span class='ocrx_word' id='word_1_5' title='bbox 1030 254 1033 260; x_wconf 41' lang='lat'>¹</span> 
     </span>
    </p>
   </div>
   <div class='ocr_carea' id='block_1_2' title="bbox 135 415 1267 816">
    <p class='ocr_par' dir='ltr' id='par_1_2' title="bbox 135 415 1267 816">
     <span class='ocr_line' id='line_1_2' title="bbox 181 415 1266 520; baseline -0.005 -26"><span class='ocrx_word' id='word_1_6' title='bbox 181 444 302 520; x_wconf 74' lang='lat' dir='ltr'><strong><em>quam</em></strong></span> <span class='ocrx_word' id='word_1_7' title='bbox 316 419 354 492; x_wconf 87' lang='lat' dir='ltr'><strong><em>in</em></strong></span> <span class='ocrx_word' id='word_1_8' title='bbox 385 446 507 515; x_wconf 81' lang='lat' dir='ltr'><strong><em>magno</em></strong></span> <span class='ocrx_word' id='word_1_9' title='bbox 539 424 641 519; x_wconf 81' lang='lat' dir='ltr'><strong><em>parte·</em></strong></span> <span class='ocrx_word' id='word_1_10' title='bbox 657 416 822 490; x_wconf 85' lang='lat' dir='ltr'><strong><em>librorum</em></strong></span> <span class='ocrx_word' id='word_1_11' title='bbox 855 426 992 490; x_wconf 83' lang='lat' dir='ltr'><strong><em>suorum</em></strong></span> <span class='ocrx_word' id='word_1_12' title='bbox 1020 415 1097 516; x_wconf 86' lang='lat' dir='ltr'><strong><em>plus</em></strong></span> <span class='ocrx_word' id='word_1_13' title='bbox 1128 417 1180 488; x_wconf 85' lang='lat' dir='ltr'><strong><em>vis</em></strong></span> <span class='ocrx_word' id='word_1_14' title='bbox 1206 415 1266 489; x_wconf 86' lang='lat' dir='ltr'><strong><em>ha·</em></strong></span> 
     </span>
     <span class='ocr_line' id='line_1_3' title="bbox 186 515 1267 630; baseline -0.002 -39"><span class='ocrx_word' id='word_1_15' title='bbox 186 520 267 617; x_wconf 81' lang='lat' dir='ltr'><strong><em>beat·</em></strong></span> <span class='ocrx_word' id='word_1_16' title='bbox 288 546 388 617; x_wconf 88' lang='lat' dir='ltr'><strong><em>quam</em></strong></span> <span class='ocrx_word' id='word_1_17' title='bbox 416 518 599 613; x_wconf 86' lang='lat' dir='ltr'><strong><em>sauguinis.</em></strong></span> <span class='ocrx_word' id='word_1_18' title='bbox 650 519 783 590; x_wconf 88' lang='lat' dir='ltr'>Primus</span> <span class='ocrx_word' id='word_1_19' title='bbox 812 517 900 589; x_wconf 88' lang='lat' dir='ltr'><strong><em>enim</em></strong></span> <span class='ocrx_word' id='word_1_20' title='bbox 928 529 1124 630; x_wconf 51' lang='lat' dir='ltr'><strong><em>contempto.</em></strong></span> <span class='ocrx_word' id='word_1_21' title='bbox 1145 515 1267 589; x_wconf 81' lang='lat' dir='ltr'>ordine</span> 
     </span>
     <span class='ocr_line' id='line_1_4' title="bbox 174 616 1266 715; baseline -0.003 -26"><span class='ocrx_word' id='word_1_22' title='bbox 174 645 319 706; x_wconf 77' lang='grc'>11111111,</span> <span class='ocrx_word' id='word_1_23' title='bbox 343 618 465 689; x_wconf 83' lang='lat' dir='ltr'><strong><em>omissa</em></strong></span> <span class='ocrx_word' id='word_1_24' title='bbox 486 616 648 689; x_wconf 81' lang='lat' dir='ltr'><strong><em>modestia</em></strong></span> <span class='ocrx_word' id='word_1_25' title='bbox 667 643 705 688; x_wconf 90' lang='lat' dir='ltr'><strong><em>ac</em></strong></span> <span class='ocrx_word' id='word_1_26' title='bbox 723 616 853 715; x_wconf 88' lang='lat' dir='ltr'><strong><em>pudore</em></strong></span> <span class='ocrx_word' id='word_1_27' title='bbox 869 617 1051 713; x_wconf 16' lang='lat' dir='ltr'><strong><em>uerborum*</em></strong></span> <span class='ocrx_word' id='word_1_28' title='bbox 1062 616 1147 712; x_wconf 77' lang='lat' dir='ltr'><strong><em>ipsis</em></strong></span> <span class='ocrx_word' id='word_1_29' title='bbox 1166 616 1266 686; x_wconf 89' lang='lat' dir='ltr'><strong><em>etiam</em></strong></span> 
     </span>
     <span class='ocr_line' id='line_1_5' title="bbox 135 712 1265 816; baseline -0.004 -27"><span class='ocrx_word' id='word_1_30' title='bbox 135 791 138 797; x_wconf 72' lang='grc'>,</span> <span class='ocrx_word' id='word_1_31' title='bbox 189 716 313 816; x_wconf 84' lang='lat' dir='ltr'><strong><em>quibus</em></strong></span> <span class='ocrx_word' id='word_1_32' title='bbox 339 717 445 788; x_wconf 87' lang='lat' dir='ltr'><strong><em>utitur</em></strong></span> <span class='ocrx_word' id='word_1_33' title='bbox 462 715 818 815; x_wconf 85' lang='lat' dir='ltr'><strong><em>armisincompositus</em></strong></span> <span class='ocrx_word' id='word_1_34' title='bbox 840 732 872 786; x_wconf 85' lang='lat' dir='ltr'><strong><em>et</em></strong></span> <span class='ocrx_word' id='word_1_35' title='bbox 888 713 1009 786; x_wconf 88' lang='lat' dir='ltr'><strong><em>studiis</em></strong></span> <span class='ocrx_word' id='word_1_36' title='bbox 1032 713 1175 785; x_wconf 81' lang='lat' dir='ltr'><strong><em>feriendi</em></strong></span> <span class='ocrx_word' id='word_1_37' title='bbox 1194 712 1265 813; x_wconf 87' lang='lat' dir='ltr'><strong><em>ple-</em></strong></span> 
     </span>
    </p>
   </div>
   <div class='ocr_carea' id='block_1_3' title="bbox 146 881 1293 1536">
    <p class='ocr_par' dir='ltr' id='par_1_3' title="bbox 146 881 1293 1536">
     <span class='ocr_line' id='line_1_6' title="bbox 188 881 1293 965; baseline -0.003 -21"><span class='ocrx_word' id='word_1_38' title='bbox 188 907 276 965; x_wconf 89' lang='lat' dir='ltr'><strong><em>quem</em></strong></span> <span class='ocrx_word' id='word_1_39' title='bbox 304 905 405 954; x_wconf 87' lang='lat' dir='ltr'><strong><em>omnes</em></strong></span> <span class='ocrx_word' id='word_1_40' title='bbox 430 884 504 944; x_wconf 82' lang='lat' dir='ltr'><strong><em>Edd.</em></strong></span> <span class='ocrx_word' id='word_1_41' title='bbox 532 884 668 964; x_wconf 81' lang='lat' dir='ltr'>deinceps</span> <span class='ocrx_word' id='word_1_42' title='bbox 697 893 767 942; x_wconf 90' lang='lat' dir='ltr'><strong><em>sunt</em></strong></span> <span class='ocrx_word' id='word_1_43' title='bbox 788 881 890 943; x_wconf 86' lang='lat' dir='ltr'><strong><em>secuti.</em></strong></span> <span class='ocrx_word' id='word_1_44' title='bbox 932 883 1067 963; x_wconf 72' lang='lat' dir='ltr'><strong><em>Oratoris</em></strong></span> <span class='ocrx_word' id='word_1_45' title='bbox 1088 894 1135 942; x_wconf 91' lang='lat' dir='ltr'><strong><em>est</em></strong></span> <span class='ocrx_word' id='word_1_46' title='bbox 1156 882 1267 943; x_wconf 85' lang='lat' dir='ltr'><strong><em>diserte</em></strong></span> <span class='ocrx_word' id='word_1_47' title='bbox 1290 892 1293 903; x_wconf 86' lang='grc'><strong>“</strong></span> 
     </span>
     <span class='ocr_line' id='line_1_7' title="bbox 188 963 1267 1044; baseline -0.005 -19"><span class='ocrx_word' id='word_1_48' title='bbox 188 968 302 1042; x_wconf 74' lang='lat' dir='ltr'><strong><em>dicere,</em></strong></span> <span class='ocrx_word' id='word_1_49' title='bbox 332 965 485 1025; x_wconf 87' lang='lat' dir='ltr'><strong><em>histrionis</em></strong></span> <span class='ocrx_word' id='word_1_50' title='bbox 507 976 605 1024; x_wconf 89' lang='lat' dir='ltr'><strong><em>tenere</em></strong></span> <span class='ocrx_word' id='word_1_51' title='bbox 624 966 755 1044; x_wconf 63' lang='lat' dir='ltr'><strong><em>saltare,</em></strong></span> <span class='ocrx_word' id='word_1_52' title='bbox 785 986 857 1044; x_wconf 88' lang='lat' dir='ltr'><strong><em>quae</em></strong></span> <span class='ocrx_word' id='word_1_53' title='bbox 878 964 953 1023; x_wconf 86' lang='lat' dir='ltr'><strong><em>ratio</em></strong></span> <span class='ocrx_word' id='word_1_54' title='bbox 974 986 1053 1025; x_wconf 90' lang='lat' dir='ltr'><strong><em>nunc</em></strong></span> <span class='ocrx_word' id='word_1_55' title='bbox 1074 976 1120 1023; x_wconf 84' lang='lat' dir='ltr'><strong><em>est</em></strong></span> <span class='ocrx_word' id='word_1_56' title='bbox 1139 963 1267 1025; x_wconf 84' lang='lat' dir='ltr'><strong><em>inversa.</em></strong></span> 
     </span>
     <span class='ocr_line' id='line_1_8' title="bbox 187 1045 1267 1127; baseline -0.005 -19"><span class='ocrx_word' id='word_1_57' title='bbox 187 1046 258 1108; x_wconf 63' lang='lat' dir='ltr'><strong><em>cic.</em></strong></span> <span class='ocrx_word' id='word_1_58' title='bbox 272 1068 315 1108; x_wconf 86' lang='lat' dir='ltr'><strong><em>or.</em></strong></span> <span class='ocrx_word' id='word_1_59' title='bbox 336 1048 365 1106; x_wconf 94' lang='lat' dir='ltr'><strong><em>in</em></strong></span> <span class='ocrx_word' id='word_1_60' title='bbox 387 1048 488 1106; x_wconf 86' lang='lat' dir='ltr'><strong><em>Pisou.</em></strong></span> <span class='ocrx_word' id='word_1_61' title='bbox 511 1067 534 1106; x_wconf 91' lang='lat' dir='ltr'><strong><em>c.</em></strong></span> <span class='ocrx_word' id='word_1_62' title='bbox 556 1053 604 1106; x_wconf 88' lang='grc'><strong><em>36.</em></strong></span> <span class='ocrx_word' id='word_1_63' title='bbox 646 1045 932 1106; x_wconf 75' lang='lat' dir='ltr'><strong><em>Samothraciam-</em></strong></span> <span class='ocrx_word' id='word_1_64' title='bbox 944 1050 1090 1127; x_wconf 85' lang='lat' dir='ltr'><strong><em>primum,</em></strong></span> <span class='ocrx_word' id='word_1_65' title='bbox 1109 1057 1179 1125; x_wconf 85' lang='lat' dir='ltr'><strong><em>post</em></strong></span> <span class='ocrx_word' id='word_1_66' title='bbox 1198 1045 1267 1104; x_wconf 81' lang='lat' dir='ltr'><strong><em>inde</em></strong></span> 
     </span>
     <span class='ocr_line' id='line_1_9' title="bbox 185 1127 1267 1203; baseline -0.002 -15"><span class='ocrx_word' id='word_1_67' title='bbox 185 1129 316 1203; x_wconf 77' lang='lat' dir='ltr'><strong><em>Tarsum</em></strong></span> <span class='ocrx_word' id='word_1_68' title='bbox 340 1150 405 1188; x_wconf 84' lang='lat' dir='ltr'><strong><em>cum</em></strong></span> <span class='ocrx_word' id='word_1_69' title='bbox 426 1130 472 1187; x_wconf 88' lang='lat' dir='ltr'><strong><em>bis</em></strong></span> <span class='ocrx_word' id='word_1_70' title='bbox 494 1132 601 1187; x_wconf 87' lang='lat' dir='ltr'><strong><em>teneris</em></strong></span> <span class='ocrx_word' id='word_1_71' title='bbox 614 1127 805 1186; x_wconf 69' lang='lat' dir='ltr'><strong><em>saltatoribus</em></strong></span> <span class='ocrx_word' id='word_1_72' title='bbox 822 1138 850 1185; x_wconf 89' lang='lat' dir='ltr'><strong><em>te</em></strong></span> <span class='ocrx_word' id='word_1_73' title='bbox 866 1130 1020 1187; x_wconf 82' lang='lat' dir='ltr'><strong><em>contulisti.</em></strong></span> <span class='ocrx_word' id='word_1_74' title='bbox 1043 1127 1148 1201; x_wconf 82' lang='lat' dir='ltr'><strong><em>Quint.</em></strong></span> <span class='ocrx_word' id='word_1_75' title='bbox 1162 1128 1220 1201; x_wconf 80' lang='lat' dir='ltr'><strong><em>xl,</em></strong></span> <span class='ocrx_word' id='word_1_76' title='bbox 1236 1132 1267 1199; x_wconf 85' lang='lat'><strong><em>3,</em></strong></span> 
     </span>
     <span class='ocr_line' id='line_1_10' title="bbox 189 1202 1271 1290; baseline -0.006 -18"><span class='ocrx_word' id='word_1_77' title='bbox 189 1202 239 1272; x_wconf 73' lang='lat'><strong><em>23.</em></strong></span> <span class='ocrx_word' id='word_1_78' title='bbox 260 1233 316 1270; x_wconf 91' lang='lat' dir='ltr'><strong><em>nan</em></strong></span> <span class='ocrx_word' id='word_1_79' title='bbox 337 1213 412 1269; x_wconf 87' lang='lat' dir='ltr'><strong><em>enim</em></strong></span> <span class='ocrx_word' id='word_1_80' title='bbox 433 1220 496 1269; x_wconf 91' lang='lat' dir='ltr'><strong><em>tam</em></strong></span> <span class='ocrx_word' id='word_1_81' title='bbox 516 1213 597 1270; x_wconf 87' lang='lat' dir='ltr'><strong><em>malli</em></strong></span> <span class='ocrx_word' id='word_1_82' title='bbox 616 1220 771 1289; x_wconf 79' lang='lat' dir='ltr'><strong><em>teneraque</em></strong></span> <span class='ocrx_word' id='word_1_83' title='bbox 792 1228 860 1267; x_wconf 83' lang='lat' dir='ltr'><strong><em>ooce</em></strong></span> <span class='ocrx_word' id='word_1_84' title='bbox 880 1230 966 1290; x_wconf 85' lang='lat' dir='ltr'><strong><em>quam</em></strong></span> <span class='ocrx_word' id='word_1_85' title='bbox 979 1207 1061 1287; x_wconf 80' lang='lat' dir='ltr'><strong><em>sorti</em></strong></span> <span class='ocrx_word' id='word_1_86' title='bbox 1077 1229 1116 1267; x_wconf 85' lang='lat' dir='ltr'><strong><em>ac</em></strong></span> <span class='ocrx_word' id='word_1_87' title='bbox 1136 1207 1271 1267; x_wconf 73' lang='lat' dir='ltr'><strong><em>durabili</em></strong></span> 
     </span>
     <span class='ocr_line' id='line_1_11' title="bbox 189 1289 1268 1372; baseline -0.003 -22"><span class='ocrx_word' id='word_1_88' title='bbox 189 1300 334 1372; x_wconf 87' lang='lat' dir='ltr'><strong><em>opus&#39;est.</em></strong></span> <span class='ocrx_word' id='word_1_89' title='bbox 355 1297 385 1366; x_wconf 91' lang='grc'>3,</span> <span class='ocrx_word' id='word_1_90' title='bbox 408 1296 513 1350; x_wconf 90' lang='grc'>181-</span> <span class='ocrx_word' id='word_1_91' title='bbox 530 1293 606 1364; x_wconf 84' lang='grc'>184,</span> <span class='ocrx_word' id='word_1_92' title='bbox 634 1289 685 1349; x_wconf 91' lang='lat' dir='ltr'><strong><em>ubi</em></strong></span> <span class='ocrx_word' id='word_1_93' title='bbox 713 1289 853 1370; x_wconf 79' lang='lat' dir='ltr'><strong><em>leguntur</em></strong></span> <span class='ocrx_word' id='word_1_94' title='bbox 880 1291 959 1349; x_wconf 87' lang='lat' dir='ltr'><strong><em>inter</em></strong></span> <span class='ocrx_word' id='word_1_95' title='bbox 985 1289 1060 1350; x_wconf 75' lang='lat' dir='ltr'><strong><em>aliat&#39;</em></strong></span> <span class='ocrx_word' id='word_1_96' title='bbox 1090 1289 1159 1352; x_wconf 91' lang='lat' dir='ltr'><strong><em>Non</em></strong></span> <span class='ocrx_word' id='word_1_97' title='bbox 1186 1292 1268 1366; x_wconf 82' lang='lat' dir='ltr'><strong><em>enim</em></strong></span> 
     </span>
     <span class='ocr_line' id='line_1_12' title="bbox 190 1371 1270 1451; baseline -0.001 -19"><span class='ocrx_word' id='word_1_98' title='bbox 190 1374 361 1432; x_wconf 82' lang='lat' dir='ltr'><strong><em>comoedum</em></strong></span> <span class='ocrx_word' id='word_1_99' title='bbox 383 1393 460 1445; x_wconf 85' lang='lat' dir='ltr'><strong><em>esse,</em></strong></span> <span class='ocrx_word' id='word_1_100' title='bbox 488 1372 543 1430; x_wconf 86' lang='lat' dir='ltr'><strong><em>scd</em></strong></span> <span class='ocrx_word' id='word_1_101' title='bbox 563 1381 712 1430; x_wconf 87' lang='lat' dir='ltr'><strong><em>oratorem</em></strong></span> <span class='ocrx_word' id='word_1_102' title='bbox 734 1373 805 1430; x_wconf 84' lang='lat' dir='ltr'><strong><em>uolo.</em></strong></span> <span class='ocrx_word' id='word_1_103' title='bbox 827 1406 865 1416; x_wconf 91' lang='lat'>-</span> <span class='ocrx_word' id='word_1_104' title='bbox 894 1371 1011 1451; x_wconf 83' lang='lat' dir='ltr'><strong><em>&#39;Quare</em></strong></span> <span class='ocrx_word' id='word_1_105' title='bbox 1035 1392 1093 1430; x_wconf 90' lang='lat' dir='ltr'><strong><em>non</em></strong></span> <span class='ocrx_word' id='word_1_106' title='bbox 1120 1375 1270 1432; x_wconf 87' lang='lat' dir='ltr'><strong><em>immerito</em></strong></span> 
     </span>
     <span class='ocr_line' id='line_1_13' title="bbox 146 1451 1271 1536; baseline -0.001 -24"><span class='ocrx_word' id='word_1_107' title='bbox 146 1451 160 1516; x_wconf 59' lang='lat'><strong><em>⁶,</em></strong></span> <span class='ocrx_word' id='word_1_108' title='bbox 189 1456 413 1536; x_wconf 74' lang='lat' dir='ltr'><strong><em>reprelienditur</em></strong></span> <span class='ocrx_word' id='word_1_109' title='bbox 434 1457 636 1535; x_wconf 82' lang='lat' dir='ltr'><strong><em>pronunciatio</em></strong></span> <span class='ocrx_word' id='word_1_110' title='bbox 666 1463 694 1511; x_wconf 87' lang='lat' dir='ltr'><strong><em>et</em></strong></span> <span class='ocrx_word' id='word_1_111' title='bbox 714 1455 845 1517; x_wconf 78' lang='lat' dir='ltr'><strong><em>vultuosa</em></strong></span> <span class='ocrx_word' id='word_1_112' title='bbox 867 1462 896 1510; x_wconf 85' lang='lat' dir='ltr'><strong><em>et</em></strong></span> <span class='ocrx_word' id='word_1_113' title='bbox 914 1453 1185 1526; x_wconf 73' lang='lat' dir='ltr'><strong><em>gesticulationibus</em></strong></span> <span class='ocrx_word' id='word_1_114' title='bbox 1205 1474 1271 1511; x_wconf 90' lang='lat' dir='ltr'><strong><em>rnu-</em></strong></span> 
     </span>
    </p>
   </div>
   <div class='ocr_carea' id='block_1_4' title="bbox 37 1533 1212 1614">
    <p class='ocr_par' dir='ltr' id='par_1_4' title="bbox 37 1533 1212 1614">
     <span class='ocr_line' id='line_1_14' title="bbox 37 1533 1212 1614; baseline -0.002 -20"><span class='ocrx_word' id='word_1_115' title='bbox 37 1598 44 1605; x_wconf 53' lang='grc'>,</span> <span class='ocrx_word' id='word_1_116' title='bbox 152 1542 156 1548; x_wconf 84' lang='grc'><em>“</em></span> <span class='ocrx_word' id='word_1_117' title='bbox 190 1538 266 1595; x_wconf 85' lang='lat' dir='ltr'><strong><em>lesta</em></strong></span> <span class='ocrx_word' id='word_1_118' title='bbox 288 1547 316 1595; x_wconf 87' lang='lat' dir='ltr'><strong><em>et</em></strong></span> <span class='ocrx_word' id='word_1_119' title='bbox 337 1540 412 1596; x_wconf 86' lang='lat' dir='ltr'><strong><em>aucis</em></strong></span> <span class='ocrx_word' id='word_1_120' title='bbox 432 1536 639 1595; x_wconf 81' lang='lat' dir='ltr'><strong><em>mutationibus</em></strong></span> <span class='ocrx_word' id='word_1_121' title='bbox 659 1535 812 1593; x_wconf 76' lang='lat' dir='ltr'><strong><em>resultans.</em></strong></span> <span class='ocrx_word' id='word_1_122' title='bbox 840 1533 915 1593; x_wconf 87' lang='lat' dir='ltr'><strong><em>Plio.</em></strong></span> <span class='ocrx_word' id='word_1_123' title='bbox 935 1536 1008 1614; x_wconf 87' lang='lat' dir='ltr'><strong><em>Epp.</em></strong></span> <span class='ocrx_word' id='word_1_124' title='bbox 1030 1536 1067 1608; x_wconf 90' lang='grc'><strong><em>11,</em></strong></span> <span class='ocrx_word' id='word_1_125' title='bbox 1090 1536 1139 1602; x_wconf 89' lang='grc'><strong><em>14,</em></strong></span> <span class='ocrx_word' id='word_1_126' title='bbox 1162 1538 1212 1593; x_wconf 82' lang='grc'><strong><em>12.</em></strong></span> 
     </span>
    </p>
   </div>
   <div class='ocr_carea' id='block_1_5' title="bbox 137 1624 1273 2279">
    <p class='ocr_par' dir='ltr' id='par_1_5' title="bbox 137 1624 1273 2279">
     <span class='ocr_line' id='line_1_15' title="bbox 270 1624 1272 1714; baseline -0.001 -23"><span class='ocrx_word' id='word_1_127' title='bbox 270 1624 336 1713; x_wconf 85' lang='lat' dir='ltr'><strong><em>plus</em></strong></span> <span class='ocrx_word' id='word_1_128' title='bbox 357 1637 398 1691; x_wconf 91' lang='lat' dir='ltr'><strong><em>ois</em></strong></span> <span class='ocrx_word' id='word_1_129' title='bbox 418 1633 528 1691; x_wconf 76' lang='lat' dir='ltr'><strong><em>lrabeat</em></strong></span> <span class='ocrx_word' id='word_1_130' title='bbox 546 1653 633 1714; x_wconf 80' lang='lat' dir='ltr'><strong><em>quam</em></strong></span> <span class='ocrx_word' id='word_1_131' title='bbox 653 1629 820 1712; x_wconf 77' lang='lat' dir='ltr'><strong><em>sanguinis]</em></strong></span> <span class='ocrx_word' id='word_1_132' title='bbox 850 1628 951 1706; x_wconf 87' lang='lat' dir='ltr'><strong><em>Quum</em></strong></span> <span class='ocrx_word' id='word_1_133' title='bbox 968 1632 1064 1691; x_wconf 88' lang='lat' dir='ltr'><strong><em>rarior</em></strong></span> <span class='ocrx_word' id='word_1_134' title='bbox 1083 1630 1206 1714; x_wconf 68' lang='lat' dir='ltr'><strong><em>genitia.</em></strong></span> <span class='ocrx_word' id='word_1_135' title='bbox 1228 1633 1272 1690; x_wconf 79' lang='lat' dir='ltr'><strong><em>ais</em></strong></span> 
     </span>
     <span class='ocr_line' id='line_1_16' title="bbox 191 1711 1271 1796; baseline -0.001 -22"><span class='ocrx_word' id='word_1_136' title='bbox 191 1713 320 1774; x_wconf 77' lang='lat' dir='ltr'><strong><em>&#39;editores</em></strong></span> <span class='ocrx_word' id='word_1_137' title='bbox 348 1734 525 1796; x_wconf 80' lang='lat' dir='ltr'><strong><em>magnopere</em></strong></span> <span class='ocrx_word' id='word_1_138' title='bbox 552 1712 742 1789; x_wconf 79' lang='lat' dir='ltr'><strong><em>ostendisset,</em></strong></span> <span class='ocrx_word' id='word_1_139' title='bbox 775 1712 868 1772; x_wconf 86' lang='lat' dir='ltr'><strong><em>varias</em></strong></span> <span class='ocrx_word' id='word_1_140' title='bbox 895 1712 1078 1775; x_wconf 85' lang='lat' dir='ltr'><strong><em>coniecturas</em></strong></span> <span class='ocrx_word' id='word_1_141' title='bbox 1108 1713 1171 1772; x_wconf 85' lang='lat' dir='ltr'><strong><em>eius</em></strong></span> <span class='ocrx_word' id='word_1_142' title='bbox 1199 1711 1271 1773; x_wconf 88' lang='lat' dir='ltr'><strong><em>loco</em></strong></span> 
     </span>
     <span class='ocr_line' id='line_1_17' title="bbox 180 1790 1270 1876; baseline -0.003 -20"><span class='ocrx_word' id='word_1_143' title='bbox 180 1795 398 1876; x_wconf 76' lang='lat' dir='ltr'><strong><em>protulerunt,</em></strong></span> <span class='ocrx_word' id='word_1_144' title='bbox 429 1817 551 1873; x_wconf 78' lang='lat' dir='ltr'><strong><em>quarum</em></strong></span> <span class='ocrx_word' id='word_1_145' title='bbox 574 1795 727 1875; x_wconf 78' lang='lat' dir='ltr'><strong><em>potiores,</em></strong></span> <span class='ocrx_word' id='word_1_146' title='bbox 757 1795 808 1854; x_wconf 89' lang='lat' dir='ltr'><strong><em>sed</em></strong></span> <span class='ocrx_word' id='word_1_147' title='bbox 830 1815 876 1867; x_wconf 85' lang='lat' dir='ltr'><strong><em>eas</em></strong></span> <span class='ocrx_word' id='word_1_148' title='bbox 903 1805 1000 1854; x_wconf 88' lang='lat' dir='ltr'><strong><em>tamen</em></strong></span> <span class='ocrx_word' id='word_1_149' title='bbox 1027 1790 1270 1874; x_wconf 79' lang='lat' dir='ltr'><strong><em>supervacaneas,</em></strong></span> 
     </span>
     <span class='ocr_line' id='line_1_18' title="bbox 191 1874 1273 1958; baseline -0.001 -23"><span class='ocrx_word' id='word_1_150' title='bbox 191 1876 364 1936; x_wconf 86' lang='lat' dir='ltr'><strong><em>nominasse·</em></strong></span> <span class='ocrx_word' id='word_1_151' title='bbox 381 1877 499 1936; x_wconf 80' lang='lat' dir='ltr'><strong><em>sufficit.</em></strong></span> <span class='ocrx_word' id='word_1_152' title='bbox 519 1877 653 1936; x_wconf 87' lang='lat' dir='ltr'><strong><em>Gronov.</em></strong></span> <span class='ocrx_word' id='word_1_153' title='bbox 695 1878 737 1934; x_wconf 91' lang='lat' dir='ltr'><strong><em>lus</em></strong></span> <span class='ocrx_word' id='word_1_154' title='bbox 758 1879 840 1947; x_wconf 85' lang='lat' dir='ltr'><strong><em>irae;</em></strong></span> <span class='ocrx_word' id='word_1_155' title='bbox 861 1874 1086 1953; x_wconf 84' lang='lat' dir='ltr'><strong><em>Schurasseisch.</em></strong></span> <span class='ocrx_word' id='word_1_156' title='bbox 1102 1878 1169 1956; x_wconf 87' lang='lat' dir='ltr'><strong><em>plus</em></strong></span> <span class='ocrx_word' id='word_1_157' title='bbox 1188 1880 1273 1958; x_wconf 86' lang='lat' dir='ltr'><strong><em>puris</em></strong></span> 
     </span>
     <span class='ocr_line' id='line_1_19' title="bbox 190 1901 1271 2040; baseline 0 -24"><span class='ocrx_word' id='word_1_158' title='bbox 190 1969 301 2036; x_wconf 83' lang='lat' dir='ltr'><strong><em>recept.</em></strong></span> <span class='ocrx_word' id='word_1_159' title='bbox 324 1979 339 2016; x_wconf 86' lang='lat' dir='ltr'><strong><em>a</em></strong></span> <span class='ocrx_word' id='word_1_160' title='bbox 360 1958 475 2017; x_wconf 85' lang='lat' dir='ltr'><strong><em>Schola.</em></strong></span> <span class='ocrx_word' id='word_1_161' title='bbox 496 1958 560 2037; x_wconf 84' lang='lat' dir='ltr'><strong><em>Rip.</em></strong></span> <span class='ocrx_word' id='word_1_162' title='bbox 579 1901 746 2018; x_wconf 68' lang='lat' dir='ltr'><strong><em>Weiciert.</em></strong></span> <span class='ocrx_word' id='word_1_163' title='bbox 767 1969 796 2016; x_wconf 89' lang='lat' dir='ltr'><strong><em>et</em></strong></span> <span class='ocrx_word' id='word_1_164' title='bbox 817 1957 930 2038; x_wconf 87' lang='lat' dir='ltr'><strong><em>probat.</em></strong></span> <span class='ocrx_word' id='word_1_165' title='bbox 953 1958 1114 2040; x_wconf 77' lang='lat' dir='ltr'><strong><em>Weichert</em></strong></span> <span class='ocrx_word' id='word_1_166' title='bbox 1133 1957 1169 2016; x_wconf 89' lang='lat' dir='ltr'><strong><em>de</em></strong></span> <span class='ocrx_word' id='word_1_167' title='bbox 1187 1955 1271 2018; x_wconf 83' lang='lat' dir='ltr'><strong><em>Cass.</em></strong></span> 
     </span>
     <span class='ocr_line' id='line_1_20' title="bbox 191 2036 1270 2120; baseline 0.001 -23"><span class='ocrx_word' id='word_1_168' title='bbox 191 2036 286 2111; x_wconf 72' lang='lat' dir='ltr'><strong><em>Raros.</em></strong></span> <span class='ocrx_word' id='word_1_169' title='bbox 307 2060 334 2118; x_wconf 88' lang='lat' dir='ltr'><strong><em>p.</em></strong></span> <span class='ocrx_word' id='word_1_170' title='bbox 358 2043 444 2110; x_wconf 71' lang='lat'><strong><em>194..</em></strong></span> <span class='ocrx_word' id='word_1_171' title='bbox 469 2039 523 2117; x_wconf 79' lang='lat' dir='ltr'><strong><em>&#39;qui</em></strong></span> <span class='ocrx_word' id='word_1_172' title='bbox 544 2037 732 2120; x_wconf 67' lang='lat' dir='ltr'><strong><em>utiuntiga</em></strong></span> <span class='ocrx_word' id='word_1_173' title='bbox 753 2040 790 2098; x_wconf 85' lang='lat' dir='ltr'><strong><em>de</em></strong></span> <span class='ocrx_word' id='word_1_174' title='bbox 808 2038 909 2099; x_wconf 90' lang='lat' dir='ltr'><strong><em>acerba</em></strong></span> <span class='ocrx_word' id='word_1_175' title='bbox 929 2039 992 2098; x_wconf 90' lang='lat' dir='ltr'><strong><em>eius</em></strong></span> <span class='ocrx_word' id='word_1_176' title='bbox 1015 2039 1164 2099; x_wconf 82' lang='lat' dir='ltr'><strong><em>dicacitate</em></strong></span> <span class='ocrx_word' id='word_1_177' title='bbox 1186 2058 1270 2098; x_wconf 83' lang='lat' dir='ltr'><strong><em>cout-</em></strong></span> 
     </span>
     <span class='ocr_line' id='line_1_21' title="bbox 192 2116 1269 2202; baseline 0 -24"><span class='ocrx_word' id='word_1_178' title='bbox 192 2131 351 2178; x_wconf 86' lang='lat' dir='ltr'><strong><em>memorata</em></strong></span> <span class='ocrx_word' id='word_1_179' title='bbox 372 2141 386 2176; x_wconf 88' lang='lat' dir='ltr'><strong><em>a</em></strong></span> <span class='ocrx_word' id='word_1_180' title='bbox 409 2118 513 2193; x_wconf 87' lang='lat' dir='ltr'><strong><em>Quint.</em></strong></span> <span class='ocrx_word' id='word_1_181' title='bbox 535 2121 614 2193; x_wconf 79' lang='lat' dir='ltr'><strong><em>Vnt,</em></strong></span> <span class='ocrx_word' id='word_1_182' title='bbox 636 2126 666 2190; x_wconf 89' lang='grc'><strong><em>3,</em></strong></span> <span class='ocrx_word' id='word_1_183' title='bbox 688 2126 751 2189; x_wconf 87' lang='grc'>89.;</span> <span class='ocrx_word' id='word_1_184' title='bbox 779 2123 847 2200; x_wconf 89' lang='lat' dir='ltr'><strong><em>plns</em></strong></span> <span class='ocrx_word' id='word_1_185' title='bbox 874 2116 1135 2202; x_wconf 74' lang='lat' dir='ltr'><strong><em>briis&#39;Wopkens.</em></strong></span> <span class='ocrx_word' id='word_1_186' title='bbox 1155 2119 1269 2180; x_wconf 82' lang='lat' dir='ltr'><strong><em>Driick.</em></strong></span> 
     </span>
     <span class='ocr_line' id='line_1_22' title="bbox 137 2199 1269 2279; baseline 0.001 -20"><span class='ocrx_word' id='word_1_187' title='bbox 137 2224 139 2229; x_wconf 56' lang='lat'><strong>⁴</strong></span> <span class='ocrx_word' id='word_1_188' title='bbox 193 2199 233 2260; x_wconf 84' lang='grc'>111.</span> <span class='ocrx_word' id='word_1_189' title='bbox 254 2200 338 2259; x_wconf 88' lang='lat' dir='ltr'><strong><em>Schr.</em></strong></span> <span class='ocrx_word' id='word_1_190' title='bbox 359 2199 425 2257; x_wconf 88' lang='lat' dir='ltr'><strong><em>Vol.</em></strong></span> <span class='ocrx_word' id='word_1_191' title='bbox 444 2201 477 2258; x_wconf 91' lang='grc'><strong><em>11.</em></strong></span> <span class='ocrx_word' id='word_1_192' title='bbox 493 2222 521 2279; x_wconf 87' lang='lat' dir='ltr'><strong><em>p.</em></strong></span> <span class='ocrx_word' id='word_1_193' title='bbox 539 2205 587 2258; x_wconf 88' lang='grc'><strong><em>30.</em></strong></span> <span class='ocrx_word' id='word_1_194' title='bbox 609 2200 762 2261; x_wconf 78' lang='grc' dir='ltr'>11Β1111111.</span> <span class='ocrx_word' id='word_1_195' title='bbox 782 2202 813 2260; x_wconf 88' lang='lat' dir='ltr'><strong><em>iu</em></strong></span> <span class='ocrx_word' id='word_1_196' title='bbox 835 2202 978 2262; x_wconf 87' lang='lat' dir='ltr'><strong><em>Friedem.</em></strong></span> <span class='ocrx_word' id='word_1_197' title='bbox 1006 2214 1035 2262; x_wconf 87' lang='lat' dir='ltr'><strong><em>et</em></strong></span> <span class='ocrx_word' id='word_1_198' title='bbox 1060 2201 1188 2262; x_wconf 90' lang='lat' dir='ltr'><strong><em>Seebod.</em></strong></span> <span class='ocrx_word' id='word_1_199' title='bbox 1211 2202 1269 2261; x_wconf 84' lang='lat' dir='ltr'><strong><em>Mi-</em></strong></span> 
     </span>
    </p>
   </div>
   <div class='ocr_carea' id='block_1_6' title="bbox 81 2280 1269 2366">
    <p class='ocr_par' dir='ltr' id='par_1_6' title="bbox 81 2280 1269 2366">
     <span class='ocr_line' id='line_1_23' title="bbox 81 2280 1269 2366; baseline -0.001 -25"><span class='ocrx_word' id='word_1_200' title='bbox 81 2285 91 2299; x_wconf 58' lang='lat'><em>*</em></span> <span class='ocrx_word' id='word_1_201' title='bbox 195 2281 273 2341; x_wconf 83' lang='lat' dir='ltr'><strong><em>scell.</em></strong></span> <span class='ocrx_word' id='word_1_202' title='bbox 298 2280 375 2341; x_wconf 87' lang='lat' dir='ltr'><strong><em>critt.</em></strong></span> <span class='ocrx_word' id='word_1_203' title='bbox 396 2281 463 2339; x_wconf 80' lang='lat' dir='ltr'><strong><em>Vol.</em></strong></span> <span class='ocrx_word' id='word_1_204' title='bbox 486 2284 519 2338; x_wconf 92' lang='grc'><strong><em>11.</em></strong></span> <span class='ocrx_word' id='word_1_205' title='bbox 540 2302 567 2360; x_wconf 92' lang='lat' dir='ltr'><strong><em>p.</em></strong></span> <span class='ocrx_word' id='word_1_206' title='bbox 586 2287 657 2340; x_wconf 77' lang='lat'><strong><em>590.</em></strong></span> <span class='ocrx_word' id='word_1_207' title='bbox 683 2293 713 2340; x_wconf 88' lang='lat' dir='ltr'><strong><em>et</em></strong></span> <span class='ocrx_word' id='word_1_208' title='bbox 733 2283 768 2341; x_wconf 92' lang='lat' dir='ltr'><strong><em>N.</em></strong></span> <span class='ocrx_word' id='word_1_209' title='bbox 789 2283 909 2343; x_wconf 71' lang='lat' dir='ltr'><strong><em>Archiv.</em></strong></span> <span class='ocrx_word' id='word_1_210' title='bbox 939 2284 959 2342; x_wconf 87' lang='lat' dir='ltr'><strong><em>f.</em></strong></span> <span class='ocrx_word' id='word_1_211' title='bbox 987 2283 1060 2343; x_wconf 83' lang='lat' dir='ltr'><strong><em>Phil.</em></strong></span> <span class='ocrx_word' id='word_1_212' title='bbox 1088 2307 1118 2342; x_wconf 91' lang='lat' dir='ltr'><strong><em>u.</em></strong></span> <span class='ocrx_word' id='word_1_213' title='bbox 1148 2284 1269 2366; x_wconf 84' lang='lat' dir='ltr'><strong><em>Paedag.</em></strong></span> 
     </span>
    </p>
   </div>
   <div class='ocr_carea' id='block_1_7' title="bbox 149 2362 1290 4253">
    <p class='ocr_par' dir='ltr' id='par_1_7' title="bbox 149 2362 1290 3662">
     <span class='ocr_line' id='line_1_24' title="bbox 149 2362 1270 2447; baseline 0.001 -26"><span class='ocrx_word' id='word_1_214' title='bbox 149 2400 152 2404; x_wconf 63' lang='grc'><em>»</em></span> <span class='ocrx_word' id='word_1_215' title='bbox 192 2362 262 2422; x_wconf 85' lang='lat' dir='ltr'><strong><em>vot.</em></strong></span> <span class='ocrx_word' id='word_1_216' title='bbox 286 2365 306 2421; x_wconf 89' lang='lat' dir='ltr'><strong><em>l.</em></strong></span> <span class='ocrx_word' id='word_1_217' title='bbox 336 2385 364 2442; x_wconf 91' lang='lat' dir='ltr'><strong><em>p.</em></strong></span> <span class='ocrx_word' id='word_1_218' title='bbox 379 2364 470 2433; x_wconf 77' lang='grc'>411.;</span> <span class='ocrx_word' id='word_1_219' title='bbox 498 2364 564 2444; x_wconf 80' lang='lat' dir='ltr'><strong><em>plus</em></strong></span> <span class='ocrx_word' id='word_1_220' title='bbox 586 2367 641 2420; x_wconf 85' lang='lat' dir='ltr'><strong><em>oiri</em></strong></span> <span class='ocrx_word' id='word_1_221' title='bbox 659 2365 796 2423; x_wconf 89' lang='lat' dir='ltr'><strong><em>Luenem.</em></strong></span> <span class='ocrx_word' id='word_1_222' title='bbox 822 2364 1094 2445; x_wconf 83' lang='lat' dir='ltr'><strong><em>prohat.·Doederl.</em></strong></span> <span class='ocrx_word' id='word_1_223' title='bbox 1113 2365 1176 2423; x_wconf 71' lang='lat' dir='ltr'><strong><em>Lat</em></strong></span> <span class='ocrx_word' id='word_1_224' title='bbox 1197 2365 1270 2447; x_wconf 83' lang='lat' dir='ltr'><strong><em>Syn.</em></strong></span> 
     </span>
     <span class='ocr_line' id='line_1_25' title="bbox 193 2443 1269 2527; baseline 0.003 -26"><span class='ocrx_word' id='word_1_225' title='bbox 193 2443 264 2503; x_wconf 87' lang='lat' dir='ltr'><strong><em>Vol.</em></strong></span> <span class='ocrx_word' id='word_1_226' title='bbox 285 2447 320 2502; x_wconf 90' lang='lat' dir='ltr'><strong><em>V.</em></strong></span> <span class='ocrx_word' id='word_1_227' title='bbox 343 2466 371 2524; x_wconf 93' lang='lat' dir='ltr'><strong><em>p.</em></strong></span> <span class='ocrx_word' id='word_1_228' title='bbox 393 2447 478 2515; x_wconf 72' lang='lat'><strong><em>3543</em></strong></span> <span class='ocrx_word' id='word_1_229' title='bbox 497 2446 564 2526; x_wconf 86' lang='lat' dir='ltr'><strong><em>plus</em></strong></span> <span class='ocrx_word' id='word_1_230' title='bbox 577 2443 660 2522; x_wconf 86' lang='lat' dir='ltr'><strong><em>sellis</em></strong></span> <span class='ocrx_word' id='word_1_231' title='bbox 679 2445 857 2527; x_wconf 82' lang='lat' dir='ltr'><strong><em>Peerlkamp.</em></strong></span> <span class='ocrx_word' id='word_1_232' title='bbox 878 2447 909 2504; x_wconf 90' lang='lat' dir='ltr'><strong><em>in</em></strong></span> <span class='ocrx_word' id='word_1_233' title='bbox 930 2446 1004 2506; x_wconf 91' lang='lat' dir='ltr'><strong><em>Bibl.</em></strong></span> <span class='ocrx_word' id='word_1_234' title='bbox 1028 2447 1091 2507; x_wconf 83' lang='lat' dir='ltr'><strong><em>crit.</em></strong></span> <span class='ocrx_word' id='word_1_235' title='bbox 1114 2467 1184 2506; x_wconf 84' lang='lat' dir='ltr'><strong><em>nov.</em></strong></span> <span class='ocrx_word' id='word_1_236' title='bbox 1203 2447 1269 2506; x_wconf 82' lang='lat' dir='ltr'><strong><em>Vol.</em></strong></span> 
     </span>
     <span class='ocr_line' id='line_1_26' title="bbox 194 2521 1271 2606; baseline 0.002 -22"><span class='ocrx_word' id='word_1_237' title='bbox 194 2528 232 2584; x_wconf 85' lang='lat' dir='ltr'><strong><em>V.</em></strong></span> <span class='ocrx_word' id='word_1_238' title='bbox 250 2527 283 2586; x_wconf 86' lang='lat' dir='ltr'><strong><em>P.</em></strong></span> <span class='ocrx_word' id='word_1_239' title='bbox 309 2530 335 2584; x_wconf 89' lang='lat'><strong><em>1.</em></strong></span> <span class='ocrx_word' id='word_1_240' title='bbox 355 2548 384 2606; x_wconf 94' lang='lat' dir='ltr'><strong><em>p.</em></strong></span> <span class='ocrx_word' id='word_1_241' title='bbox 408 2531 493 2599; x_wconf 83' lang='grc'>133,</span> <span class='ocrx_word' id='word_1_242' title='bbox 522 2527 657 2605; x_wconf 88' lang='lat' dir='ltr'><strong><em>quoniam</em></strong></span> <span class='ocrx_word' id='word_1_243' title='bbox 682 2531 722 2587; x_wconf 82' lang='lat' dir='ltr'><strong><em>ais</em></strong></span> <span class='ocrx_word' id='word_1_244' title='bbox 743 2539 772 2587; x_wconf 86' lang='lat' dir='ltr'><strong><em>et</em></strong></span> <span class='ocrx_word' id='word_1_245' title='bbox 793 2532 914 2602; x_wconf 85' lang='lat' dir='ltr'><strong><em>sanguis</em></strong></span> <span class='ocrx_word' id='word_1_246' title='bbox 935 2521 1037 2589; x_wconf 79' lang='lat' dir='ltr'><strong><em>&#39;eodem</em></strong></span> <span class='ocrx_word' id='word_1_247' title='bbox 1058 2529 1187 2588; x_wconf 85' lang='lat' dir='ltr'><strong><em>redeant.</em></strong></span> <span class='ocrx_word' id='word_1_248' title='bbox 1230 2529 1271 2587; x_wconf 76' lang='lat' dir='ltr'><strong><em>At</em></strong></span> 
     </span>
     <span class='ocr_line' id='line_1_27' title="bbox 196 2607 1290 2689; baseline 0.001 -22"><span class='ocrx_word' id='word_1_249' title='bbox 196 2607 327 2688; x_wconf 83' lang='lat' dir='ltr'><strong><em>exempla</em></strong></span> <span class='ocrx_word' id='word_1_250' title='bbox 361 2607 481 2665; x_wconf 85' lang='lat' dir='ltr'><strong><em>rarioris</em></strong></span> <span class='ocrx_word' id='word_1_251' title='bbox 517 2613 622 2689; x_wconf 59' lang='lat' dir='ltr'><strong><em>genii.⁴</em></strong></span> <span class='ocrx_word' id='word_1_252' title='bbox 644 2612 685 2666; x_wconf 87' lang='lat' dir='ltr'><strong><em>ois</em></strong></span> <span class='ocrx_word' id='word_1_253' title='bbox 718 2630 778 2668; x_wconf 88' lang='lat' dir='ltr'><strong><em>non</em></strong></span> <span class='ocrx_word' id='word_1_254' title='bbox 819 2609 914 2683; x_wconf 88' lang='lat' dir='ltr'><strong><em>solum</em></strong></span> <span class='ocrx_word' id='word_1_255' title='bbox 947 2608 1151 2669; x_wconf 89' lang='lat' dir='ltr'><strong><em>iurisconsulti</em></strong></span> <span class='ocrx_word' id='word_1_256' title='bbox 1186 2609 1290 2669; x_wconf 53' lang='lat' dir='ltr'><strong><em>exhi?</em></strong></span> 
     </span>
     <span class='ocr_line' id='line_1_28' title="bbox 194 2688 1269 2770; baseline 0.001 -22"><span class='ocrx_word' id='word_1_257' title='bbox 194 2688 268 2748; x_wconf 84' lang='lat' dir='ltr'><strong><em>bent</em></strong></span> <span class='ocrx_word' id='word_1_258' title='bbox 294 2710 337 2769; x_wconf 91' lang='lat' dir='ltr'><strong><em>ap.</em></strong></span> <span class='ocrx_word' id='word_1_259' title='bbox 366 2688 499 2756; x_wconf 82' lang='lat' dir='ltr'><strong><em>Brisson.</em></strong></span> <span class='ocrx_word' id='word_1_260' title='bbox 530 2690 565 2747; x_wconf 89' lang='lat' dir='ltr'><strong><em>de</em></strong></span> <span class='ocrx_word' id='word_1_261' title='bbox 594 2688 694 2748; x_wconf 86' lang='lat' dir='ltr'><strong><em>verbb.</em></strong></span> <span class='ocrx_word' id='word_1_262' title='bbox 722 2690 746 2748; x_wconf 92' lang='lat' dir='ltr'><strong><em>si</em></strong></span> <span class='ocrx_word' id='word_1_263' title='bbox 769 2690 818 2748; x_wconf 85' lang='lat' dir='ltr'><strong><em>nit.</em></strong></span> <span class='ocrx_word' id='word_1_264' title='bbox 841 2713 868 2770; x_wconf 92' lang='lat' dir='ltr'><strong><em>p.</em></strong></span> <span class='ocrx_word' id='word_1_265' title='bbox 893 2697 998 2765; x_wconf 74' lang='grc'>1353,</span> <span class='ocrx_word' id='word_1_266' title='bbox 1028 2688 1078 2749; x_wconf 85' lang='lat' dir='ltr'><strong><em>sed</em></strong></span> <span class='ocrx_word' id='word_1_267' title='bbox 1107 2690 1196 2750; x_wconf 89' lang='lat' dir='ltr'><strong><em>etiam</em></strong></span> <span class='ocrx_word' id='word_1_268' title='bbox 1224 2690 1269 2751; x_wconf 88' lang='lat' dir='ltr'><strong><em>alii</em></strong></span> 
     </span>
     <span class='ocr_line' id='line_1_29' title="bbox 196 2713 1270 2852; baseline -0.001 -22"><span class='ocrx_word' id='word_1_269' title='bbox 196 2770 365 2849; x_wconf 86' lang='lat' dir='ltr'><strong><em>scriptores.</em></strong></span> <span class='ocrx_word' id='word_1_270' title='bbox 402 2769 555 2850; x_wconf 78' lang='lat' dir='ltr'><strong><em>¹Victoria.</em></strong></span> <span class='ocrx_word' id='word_1_271' title='bbox 580 2770 611 2828; x_wconf 88' lang='lat' dir='ltr'><strong><em>in</em></strong></span> <span class='ocrx_word' id='word_1_272' title='bbox 631 2771 718 2830; x_wconf 82' lang='lat' dir='ltr'><strong><em>Rhet.</em></strong></span> <span class='ocrx_word' id='word_1_273' title='bbox 740 2713 923 2832; x_wconf 68' lang='grc'>(11111111.</span> <span class='ocrx_word' id='word_1_274' title='bbox 945 2796 972 2852; x_wconf 94' lang='lat' dir='ltr'><strong><em>p.</em></strong></span> <span class='ocrx_word' id='word_1_275' title='bbox 996 2778 1069 2831; x_wconf 73' lang='lat'>196:</span> <span class='ocrx_word' id='word_1_276' title='bbox 1090 2769 1270 2852; x_wconf 87' lang='lat' dir='ltr'><strong><em>Capperroo.</em></strong></span> 
     </span>
     <span class='ocr_line' id='line_1_30' title="bbox 198 2851 1269 2930; baseline 0.003 -20"><span class='ocrx_word' id='word_1_277' title='bbox 198 2851 369 2924; x_wconf 76' lang='lat' dir='ltr'><strong><em>magnitudo</em></strong></span> <span class='ocrx_word' id='word_1_278' title='bbox 399 2855 455 2908; x_wconf 87' lang='lat' dir='ltr'><strong><em>erit</em></strong></span> <span class='ocrx_word' id='word_1_279' title='bbox 485 2855 575 2930; x_wconf 85' lang='lat' dir='ltr'><strong><em>ipsius</em></strong></span> <span class='ocrx_word' id='word_1_280' title='bbox 601 2855 642 2911; x_wconf 84' lang='lat' dir='ltr'><strong><em>ais</em></strong></span> <span class='ocrx_word' id='word_1_281' title='bbox 669 2858 871 2926; x_wconf 72' lang='lat' dir='ltr'><strong><em>exaggeratio.</em></strong></span> <span class='ocrx_word' id='word_1_282' title='bbox 922 2854 1092 2913; x_wconf 87' lang='lat' dir='ltr'><strong><em>Schneider.</em></strong></span> <span class='ocrx_word' id='word_1_283' title='bbox 1117 2855 1269 2913; x_wconf 74' lang='lat' dir='ltr'><strong><em>‘Fo&#39;rmeob</em></strong></span> 
     </span>
     <span class='ocr_line' id='line_1_31' title="bbox 197 2931 1268 3012; baseline 0.002 -20"><span class='ocrx_word' id='word_1_284' title='bbox 197 2931 226 2992; x_wconf 91' lang='lat' dir='ltr'><strong><em>d.</em></strong></span> <span class='ocrx_word' id='word_1_285' title='bbox 247 2932 308 2989; x_wconf 88' lang='lat' dir='ltr'><strong><em>Lat.</em></strong></span> <span class='ocrx_word' id='word_1_286' title='bbox 322 2933 396 3012; x_wconf 68' lang='lat' dir='ltr'><strong><em>&#39;Spe</em></strong></span> <span class='ocrx_word' id='word_1_287' title='bbox 418 2933 451 2990; x_wconf 90' lang='lat' dir='ltr'><strong><em>ll.</em></strong></span> <span class='ocrx_word' id='word_1_288' title='bbox 477 2937 501 2991; x_wconf 92' lang='lat'><strong><em>1.</em></strong></span> <span class='ocrx_word' id='word_1_289' title='bbox 523 2954 551 3012; x_wconf 85' lang='lat' dir='ltr'><strong><em>p.</em></strong></span> <span class='ocrx_word' id='word_1_290' title='bbox 573 2935 642 2992; x_wconf 87' lang='grc'>466.</span> <span class='ocrx_word' id='word_1_291' title='bbox 665 2934 817 2994; x_wconf 84' lang='lat' dir='ltr'><strong><em>Foertsch.</em></strong></span> <span class='ocrx_word' id='word_1_292' title='bbox 840 2936 874 2992; x_wconf 85' lang='lat' dir='ltr'><strong><em>ad</em></strong></span> <span class='ocrx_word' id='word_1_293' title='bbox 901 2937 989 3009; x_wconf 76' lang='lat' dir='ltr'><strong><em>¹Voss.</em></strong></span> <span class='ocrx_word' id='word_1_294' title='bbox 1011 2934 1174 2994; x_wconf 79' lang='lat' dir='ltr'><strong><em>Aristarch.</em></strong></span> <span class='ocrx_word' id='word_1_295' title='bbox 1197 2937 1230 2995; x_wconf 89' lang='lat' dir='ltr'><strong><em>P.</em></strong></span> <span class='ocrx_word' id='word_1_296' title='bbox 1249 2940 1268 2994; x_wconf 90' lang='lat' dir='ltr'><strong><em>l.</em></strong></span> 
     </span>
     <span class='ocr_line' id='line_1_32' title="bbox 197 3012 1269 3094; baseline 0.005 -22"><span class='ocrx_word' id='word_1_297' title='bbox 197 3029 230 3094; x_wconf 80' lang='lat' dir='ltr'><strong><em>p:</em></strong></span> <span class='ocrx_word' id='word_1_298' title='bbox 249 3018 317 3072; x_wconf 86' lang='grc'>531.</span> <span class='ocrx_word' id='word_1_299' title='bbox 352 3015 434 3072; x_wconf 85' lang='lat' dir='ltr'><strong><em>Bene</em></strong></span> <span class='ocrx_word' id='word_1_300' title='bbox 453 3013 481 3071; x_wconf 88' lang='grc'><strong><em>11.</em></strong></span> <span class='ocrx_word' id='word_1_301' title='bbox 501 3012 519 3072; x_wconf 92' lang='grc'><strong><em>1.</em></strong></span> <span class='ocrx_word' id='word_1_302' title='bbox 549 3013 591 3073; x_wconf 89' lang='lat' dir='ltr'><strong><em>sic</em></strong></span> <span class='ocrx_word' id='word_1_303' title='bbox 616 3013 775 3075; x_wconf 88' lang='lat' dir='ltr'><strong><em>illustravit</em></strong></span> <span class='ocrx_word' id='word_1_304' title='bbox 803 3015 933 3075; x_wconf 89' lang='lat' dir='ltr'><strong><em>Goeller.</em></strong></span> <span class='ocrx_word' id='word_1_305' title='bbox 960 3016 995 3075; x_wconf 91' lang='lat' dir='ltr'><strong><em>ad</em></strong></span> <span class='ocrx_word' id='word_1_306' title='bbox 1023 3014 1094 3075; x_wconf 89' lang='lat' dir='ltr'><strong><em>Cic.&#39;</em></strong></span> <span class='ocrx_word' id='word_1_307' title='bbox 1114 3017 1199 3076; x_wconf 85' lang='lat' dir='ltr'><strong><em>Orat.</em></strong></span> <span class='ocrx_word' id='word_1_308' title='bbox 1221 3023 1269 3090; x_wconf 82' lang='lat'><strong><em>23,</em></strong></span> 
     </span>
     <span class='ocr_line' id='line_1_33' title="bbox 199 3096 1270 3175; baseline 0.002 -21"><span class='ocrx_word' id='word_1_309' title='bbox 199 3100 247 3154; x_wconf 87' lang='grc'>76.</span> <span class='ocrx_word' id='word_1_310' title='bbox 289 3097 405 3159; x_wconf 80' lang='lat' dir='ltr'><strong><em>»Viset</em></strong></span> <span class='ocrx_word' id='word_1_311' title='bbox 425 3098 546 3168; x_wconf 86' lang='lat' dir='ltr'><strong><em>sanguis</em></strong></span> <span class='ocrx_word' id='word_1_312' title='bbox 565 3096 640 3175; x_wconf 88' lang='lat' dir='ltr'><strong><em>apud</em></strong></span> <span class='ocrx_word' id='word_1_313' title='bbox 660 3096 746 3155; x_wconf 80' lang='lat' dir='ltr'><strong><em>Auct.</em></strong></span> <span class='ocrx_word' id='word_1_314' title='bbox 763 3097 837 3156; x_wconf 86' lang='lat' dir='ltr'><strong><em>Dial.</em></strong></span> <span class='ocrx_word' id='word_1_315' title='bbox 856 3098 892 3157; x_wconf 91' lang='lat' dir='ltr'><strong><em>de</em></strong></span> <span class='ocrx_word' id='word_1_316' title='bbox 908 3098 1002 3157; x_wconf 76' lang='lat' dir='ltr'><strong><em>Orati.</em></strong></span> <span class='ocrx_word' id='word_1_317' title='bbox 1019 3104 1067 3156; x_wconf 82' lang='lat'><strong><em>26.</em></strong></span> <span class='ocrx_word' id='word_1_318' title='bbox 1091 3118 1126 3155; x_wconf 84' lang='lat' dir='ltr'><strong><em>ex</em></strong></span> <span class='ocrx_word' id='word_1_319' title='bbox 1147 3098 1270 3158; x_wconf 84' lang='lat' dir='ltr'><strong><em>adverso</em></strong></span> 
     </span>
     <span class='ocr_line' id='line_1_34' title="bbox 197 3176 1270 3258; baseline 0.004 -25"><span class='ocrx_word' id='word_1_320' title='bbox 197 3188 367 3256; x_wconf 84' lang='lat' dir='ltr'><strong><em>ponuntur:</em></strong></span> <span class='ocrx_word' id='word_1_321' title='bbox 391 3180 431 3233; x_wconf 83' lang='lat' dir='ltr'><strong><em>ais</em></strong></span> <span class='ocrx_word' id='word_1_322' title='bbox 451 3176 621 3252; x_wconf 85' lang='lat' dir='ltr'><strong><em>sententias,</em></strong></span> <span class='ocrx_word' id='word_1_323' title='bbox 642 3182 763 3252; x_wconf 87' lang='lat' dir='ltr'><strong><em>sanguis</em></strong></span> <span class='ocrx_word' id='word_1_324' title='bbox 779 3190 915 3237; x_wconf 86' lang='lat' dir='ltr'><strong><em>ornatum</em></strong></span> <span class='ocrx_word' id='word_1_325' title='bbox 930 3179 991 3238; x_wconf 93' lang='lat' dir='ltr'><strong><em>sive</em></strong></span> <span class='ocrx_word' id='word_1_326' title='bbox 1009 3178 1120 3258; x_wconf 88' lang='lat' dir='ltr'><strong><em>copiam</em></strong></span> <span class='ocrx_word' id='word_1_327' title='bbox 1136 3190 1167 3237; x_wconf 87' lang='lat' dir='ltr'><strong><em>et</em></strong></span> <span class='ocrx_word' id='word_1_328' title='bbox 1182 3179 1270 3240; x_wconf 87' lang='lat' dir='ltr'><strong><em>uber·</em></strong></span> 
     </span>
     <span class='ocr_line' id='line_1_35' title="bbox 198 3255 1271 3338; baseline 0.003 -23"><span class='ocrx_word' id='word_1_329' title='bbox 198 3267 286 3315; x_wconf 83' lang='lat' dir='ltr'><strong><em>tatem</em></strong></span> <span class='ocrx_word' id='word_1_330' title='bbox 314 3255 456 3315; x_wconf 88' lang='lat' dir='ltr'><strong><em>orationis</em></strong></span> <span class='ocrx_word' id='word_1_331' title='bbox 484 3256 599 3316; x_wconf 81' lang='lat' dir='ltr'><strong><em>iudicat.</em></strong></span> <span class='ocrx_word' id='word_1_332' title='bbox 646 3258 734 3338; x_wconf 87' lang='lat' dir='ltr'><strong><em>Apud</em></strong></span> <span class='ocrx_word' id='word_1_333' title='bbox 762 3260 866 3334; x_wconf 87' lang='lat' dir='ltr'><strong><em>Quint.</em></strong></span> <span class='ocrx_word' id='word_1_334' title='bbox 894 3265 968 3319; x_wconf 86' lang='lat' dir='ltr'><strong><em>uires</em></strong></span> <span class='ocrx_word' id='word_1_335' title='bbox 996 3273 1025 3320; x_wconf 86' lang='lat' dir='ltr'><strong><em>et</em></strong></span> <span class='ocrx_word' id='word_1_336' title='bbox 1050 3263 1174 3334; x_wconf 85' lang='lat' dir='ltr'><strong><em>sanguis</em></strong></span> <span class='ocrx_word' id='word_1_337' title='bbox 1202 3280 1271 3321; x_wconf 88' lang='lat' dir='ltr'><strong><em>cou-</em></strong></span> 
     </span>
     <span class='ocr_line' id='line_1_36' title="bbox 198 3335 1271 3422; baseline 0.007 -27"><span class='ocrx_word' id='word_1_338' title='bbox 198 3335 297 3395; x_wconf 88' lang='lat' dir='ltr'><strong><em>iuncta</em></strong></span> <span class='ocrx_word' id='word_1_339' title='bbox 318 3335 472 3418; x_wconf 81' lang='lat' dir='ltr'><strong><em>leguntur:</em></strong></span> <span class='ocrx_word' id='word_1_340' title='bbox 501 3340 579 3412; x_wconf 79' lang='lat' dir='ltr'><strong><em>vta,</em></strong></span> <span class='ocrx_word' id='word_1_341' title='bbox 601 3345 630 3413; x_wconf 89' lang='grc'><strong><em>3,</em></strong></span> <span class='ocrx_word' id='word_1_342' title='bbox 652 3345 679 3399; x_wconf 91' lang='grc'>6.</span> <span class='ocrx_word' id='word_1_343' title='bbox 701 3342 739 3414; x_wconf 88' lang='grc' dir='ltr'><strong><em>Χ,</em></strong></span> <span class='ocrx_word' id='word_1_344' title='bbox 757 3347 787 3414; x_wconf 84' lang='grc'><strong><em>2,</em></strong></span> <span class='ocrx_word' id='word_1_345' title='bbox 811 3346 856 3400; x_wconf 82' lang='lat'><strong><em>12.</em></strong></span> <span class='ocrx_word' id='word_1_346' title='bbox 886 3341 957 3401; x_wconf 93' lang='lat' dir='ltr'><strong><em>lbid.</em></strong></span> <span class='ocrx_word' id='word_1_347' title='bbox 978 3345 1181 3422; x_wconf 81' lang='lat' dir='ltr'><strong><em>prooem.24.</em></strong></span> <span class='ocrx_word' id='word_1_348' title='bbox 1209 3362 1271 3403; x_wconf 77' lang='lat' dir='ltr'><strong><em>eot-</em></strong></span> 
     </span>
     <span class='ocr_line' id='line_1_37' title="bbox 197 3417 1270 3498; baseline 0.007 -24"><span class='ocrx_word' id='word_1_349' title='bbox 197 3439 254 3498; x_wconf 91' lang='lat' dir='ltr'><strong><em>pus</em></strong></span> <span class='ocrx_word' id='word_1_350' title='bbox 273 3417 292 3478; x_wconf 87' lang='lat' dir='ltr'><strong><em>i.</em></strong></span> <span class='ocrx_word' id='word_1_351' title='bbox 315 3439 341 3497; x_wconf 90' lang='lat' dir='ltr'><strong><em>q.</em></strong></span> <span class='ocrx_word' id='word_1_352' title='bbox 369 3418 504 3498; x_wconf 82' lang='lat' dir='ltr'><strong><em>sanguis,</em></strong></span> <span class='ocrx_word' id='word_1_353' title='bbox 533 3419 609 3478; x_wconf 86' lang='lat' dir='ltr'><strong><em>sicut</em></strong></span> <span class='ocrx_word' id='word_1_354' title='bbox 628 3422 666 3493; x_wconf 73' lang='lat' dir='ltr'><strong><em>tt,</em></strong></span> <span class='ocrx_word' id='word_1_355' title='bbox 691 3426 719 3495; x_wconf 86' lang='lat'><strong><em>1,</em></strong></span> <span class='ocrx_word' id='word_1_356' title='bbox 740 3427 787 3481; x_wconf 89' lang='grc'><strong><em>31.</em></strong></span> <span class='ocrx_word' id='word_1_357' title='bbox 807 3444 934 3482; x_wconf 81' lang='lat' dir='ltr'><strong><em>succus«</em></strong></span> <span class='ocrx_word' id='word_1_358' title='bbox 983 3426 1029 3483; x_wconf 90' lang='lat' dir='ltr'><strong><em>De</em></strong></span> <span class='ocrx_word' id='word_1_359' title='bbox 1054 3427 1205 3497; x_wconf 85' lang='lat' dir='ltr'><strong><em>sanguine¹</em></strong></span> <span class='ocrx_word' id='word_1_360' title='bbox 1225 3422 1270 3483; x_wconf 76' lang='grc'><strong><em>111</em></strong></span> 
     </span>
     <span class='ocr_line' id='line_1_38' title="bbox 191 3499 1271 3587; baseline 0.006 -31"><span class='ocrx_word' id='word_1_361' title='bbox 191 3501 299 3557; x_wconf 71' lang='lat' dir='ltr'><strong><em>&#39;annot</em></strong></span> <span class='ocrx_word' id='word_1_362' title='bbox 320 3499 355 3556; x_wconf 88' lang='lat' dir='ltr'><strong><em>ad</em></strong></span> <span class='ocrx_word' id='word_1_363' title='bbox 376 3499 451 3558; x_wconf 77' lang='lat' dir='ltr'><strong><em>uiat.</em></strong></span> <span class='ocrx_word' id='word_1_364' title='bbox 475 3505 522 3558; x_wconf 78' lang='lat'><strong><em>21.</em></strong></span> <span class='ocrx_word' id='word_1_365' title='bbox 549 3499 696 3560; x_wconf 83' lang='lat' dir='ltr'><strong><em>Ecksteiu.</em></strong></span> <span class='ocrx_word' id='word_1_366' title='bbox 716 3504 875 3582; x_wconf 88' lang='lat' dir='ltr'><strong><em>respiciens</em></strong></span> <span class='ocrx_word' id='word_1_367' title='bbox 897 3504 932 3564; x_wconf 87' lang='lat' dir='ltr'><strong><em>ad</em></strong></span> <span class='ocrx_word' id='word_1_368' title='bbox 952 3504 1047 3580; x_wconf 62' lang='lat' dir='ltr'><strong><em>vult.</em></strong></span> <span class='ocrx_word' id='word_1_369' title='bbox 1070 3525 1114 3584; x_wconf 91' lang='lat' dir='ltr'><strong><em>cp.</em></strong></span> <span class='ocrx_word' id='word_1_370' title='bbox 1143 3514 1173 3563; x_wconf 88' lang='lat' dir='ltr'><strong><em>et</em></strong></span> <span class='ocrx_word' id='word_1_371' title='bbox 1192 3507 1271 3587; x_wconf 77' lang='lat' dir='ltr'><strong><em>ipsa-</em></strong></span> 
     </span>
     <span class='ocr_line' id='line_1_39' title="bbox 196 3581 1150 3662; baseline 0.005 -24"><span class='ocrx_word' id='word_1_372' title='bbox 196 3601 265 3640; x_wconf 85' lang='lat' dir='ltr'><strong><em>·rum</em></strong></span> <span class='ocrx_word' id='word_1_373' title='bbox 286 3583 387 3638; x_wconf 80' lang='lat' dir='ltr'><strong><em>uirium</em></strong></span> <span class='ocrx_word' id='word_1_374' title='bbox 410 3581 515 3639; x_wconf 78' lang='lat' dir='ltr'><strong><em>robore</em></strong></span> <span class='ocrx_word' id='word_1_375' title='bbox 533 3581 638 3661; x_wconf 87' lang='lat' dir='ltr'><strong><em>accipit</em></strong></span> <span class='ocrx_word' id='word_1_376' title='bbox 655 3584 722 3662; x_wconf 89' lang='lat' dir='ltr'><strong><em>plus</em></strong></span> <span class='ocrx_word' id='word_1_377' title='bbox 742 3589 782 3643; x_wconf 83' lang='lat' dir='ltr'><strong><em>ais</em></strong></span> <span class='ocrx_word' id='word_1_378' title='bbox 804 3586 840 3645; x_wconf 87' lang='lat' dir='ltr'><strong><em>de</em></strong></span> <span class='ocrx_word' id='word_1_379' title='bbox 863 3585 1001 3646; x_wconf 87' lang='lat' dir='ltr'><strong><em>violentia</em></strong></span> <span class='ocrx_word' id='word_1_380' title='bbox 1020 3583 1124 3646; x_wconf 87' lang='lat' dir='ltr'><strong><em>Cassii.</em></strong></span> <span class='ocrx_word' id='word_1_381' title='bbox 1146 3590 1150 3597; x_wconf 88' lang='lat'>&#39;</span> 
     </span>
    </p>

    <p class='ocr_par' dir='ltr' id='par_1_8' title="bbox 200 3671 1271 3838">
     <span class='ocr_line' id='line_1_40' title="bbox 283 3671 1271 3753; baseline 0.006 -24"><span class='ocrx_word' id='word_1_382' title='bbox 283 3671 428 3729; x_wconf 86' lang='lat' dir='ltr'><strong><em>modestia</em></strong></span> <span class='ocrx_word' id='word_1_383' title='bbox 448 3690 485 3729; x_wconf 82' lang='lat' dir='ltr'><strong><em>aa</em></strong></span> <span class='ocrx_word' id='word_1_384' title='bbox 504 3671 634 3753; x_wconf 78' lang='lat' dir='ltr'><strong><em>pudore]</em></strong></span> <span class='ocrx_word' id='word_1_385' title='bbox 660 3674 728 3733; x_wconf 88' lang='lat' dir='ltr'><strong><em>Tac.</em></strong></span> <span class='ocrx_word' id='word_1_386' title='bbox 748 3677 826 3734; x_wconf 81' lang='lat' dir='ltr'><strong><em>Anu.</em></strong></span> <span class='ocrx_word' id='word_1_387' title='bbox 847 3681 897 3752; x_wconf 87' lang='grc'>111,</span> <span class='ocrx_word' id='word_1_388' title='bbox 918 3684 966 3737; x_wconf 86' lang='grc'><strong><em>26.</em></strong></span> <span class='ocrx_word' id='word_1_389' title='bbox 987 3677 1035 3738; x_wconf 85' lang='lat' dir='ltr'><strong><em>vd.</em></strong></span> <span class='ocrx_word' id='word_1_390' title='bbox 1054 3675 1194 3737; x_wconf 81' lang='lat' dir='ltr'><strong><em>Doedert.</em></strong></span> <span class='ocrx_word' id='word_1_391' title='bbox 1213 3675 1271 3736; x_wconf 77' lang='lat' dir='ltr'><strong><em>Lat.</em></strong></span> 
     </span>
     <span class='ocr_line' id='line_1_41' title="bbox 200 3751 960 3838; baseline 0.009 -27"><span class='ocrx_word' id='word_1_392' title='bbox 200 3753 275 3838; x_wconf 80' lang='lat' dir='ltr'><strong><em>Syn.</em></strong></span> <span class='ocrx_word' id='word_1_393' title='bbox 295 3751 363 3811; x_wconf 87' lang='lat' dir='ltr'><strong><em>Vol.</em></strong></span> <span class='ocrx_word' id='word_1_394' title='bbox 385 3754 418 3810; x_wconf 91' lang='grc'><strong><em>11.</em></strong></span> <span class='ocrx_word' id='word_1_395' title='bbox 439 3774 468 3831; x_wconf 89' lang='lat' dir='ltr'><strong><em>p.</em></strong></span> <span class='ocrx_word' id='word_1_396' title='bbox 488 3757 556 3814; x_wconf 87' lang='grc'>211.</span> <span class='ocrx_word' id='word_1_397' title='bbox 579 3765 609 3810; x_wconf 83' lang='lat' dir='ltr'><strong><em>et</em></strong></span> <span class='ocrx_word' id='word_1_398' title='bbox 628 3767 727 3813; x_wconf 89' lang='lat' dir='ltr'><strong><em>annot.</em></strong></span> <span class='ocrx_word' id='word_1_399' title='bbox 748 3757 782 3815; x_wconf 88' lang='lat' dir='ltr'><strong><em>ad</em></strong></span> <span class='ocrx_word' id='word_1_400' title='bbox 804 3759 883 3817; x_wconf 75' lang='lat' dir='ltr'><strong><em>Dial.</em></strong></span> <span class='ocrx_word' id='word_1_401' title='bbox 902 3763 960 3824; x_wconf 56' lang='lat'><strong><em>19..</em></strong></span> 
     </span>
    </p>

    <p class='ocr_par' dir='ltr' id='par_1_9' title="bbox 198 3832 1274 4253">
     <span class='ocr_line' id='line_1_42' title="bbox 229 3832 1273 3919; baseline 0.007 -29"><span class='ocrx_word' id='word_1_402' title='bbox 229 3888 232 3896; x_wconf 84' lang='grc'>,</span> <span class='ocrx_word' id='word_1_403' title='bbox 281 3837 375 3891; x_wconf 88' lang='lat' dir='ltr'><strong><em>armis</em></strong></span> <span class='ocrx_word' id='word_1_404' title='bbox 393 3832 616 3914; x_wconf 83' lang='lat' dir='ltr'><strong><em>incompositus]</em></strong></span> <span class='ocrx_word' id='word_1_405' title='bbox 652 3838 905 3910; x_wconf 77' lang='lat' dir='ltr'><strong><em>Quemadmodum</em></strong></span> <span class='ocrx_word' id='word_1_406' title='bbox 925 3841 1000 3900; x_wconf 87' lang='lat' dir='ltr'><strong><em>acies</em></strong></span> <span class='ocrx_word' id='word_1_407' title='bbox 1021 3837 1133 3898; x_wconf 82' lang='lat' dir='ltr'><strong><em>dicitur.</em></strong></span> <span class='ocrx_word' id='word_1_408' title='bbox 1153 3856 1273 3919; x_wconf 88' lang='lat' dir='ltr'><strong><em>compo-</em></strong></span> 
     </span>
     <span class='ocr_line' id='line_1_43' title="bbox 201 3911 1273 4003; baseline 0.005 -30"><span class='ocrx_word' id='word_1_409' title='bbox 201 3911 271 3988; x_wconf 77' lang='lat' dir='ltr'><strong><em>sita,</em></strong></span> <span class='ocrx_word' id='word_1_410' title='bbox 293 3936 366 3993; x_wconf 85' lang='lat' dir='ltr'><strong><em>quae</em></strong></span> <span class='ocrx_word' id='word_1_411' title='bbox 387 3914 461 3972; x_wconf 89' lang='lat' dir='ltr'><strong><em>bene</em></strong></span> <span class='ocrx_word' id='word_1_412' title='bbox 480 3915 625 3974; x_wconf 86' lang='lat' dir='ltr'><strong><em>instructa</em></strong></span> <span class='ocrx_word' id='word_1_413' title='bbox 645 3929 673 3976; x_wconf 90' lang='lat' dir='ltr'><strong><em>et</em></strong></span> <span class='ocrx_word' id='word_1_414' title='bbox 694 3918 835 3999; x_wconf 88' lang='lat' dir='ltr'><strong><em>disposita</em></strong></span> <span class='ocrx_word' id='word_1_415' title='bbox 856 3933 901 3980; x_wconf 89' lang='lat' dir='ltr'><strong><em>est</em></strong></span> <span class='ocrx_word' id='word_1_416' title='bbox 923 3923 958 3980; x_wconf 91' lang='lat' dir='ltr'><strong><em>ad</em></strong></span> <span class='ocrx_word' id='word_1_417' title='bbox 978 3921 1080 3980; x_wconf 88' lang='lat' dir='ltr'><strong><em>hostes</em></strong></span> <span class='ocrx_word' id='word_1_418' title='bbox 1099 3919 1273 4003; x_wconf 83' lang='lat' dir='ltr'><strong><em>impugnan-</em></strong></span> 
     </span>
     <span class='ocr_line' id='line_1_44' title="bbox 200 3993 1273 4083; baseline 0.006 -31"><span class='ocrx_word' id='word_1_419' title='bbox 200 3993 272 4068; x_wconf 81' lang='lat' dir='ltr'><strong><em>dos,</em></strong></span> <span class='ocrx_word' id='word_1_420' title='bbox 302 3995 345 4054; x_wconf 91' lang='lat' dir='ltr'><strong><em>sic</em></strong></span> <span class='ocrx_word' id='word_1_421' title='bbox 366 3999 460 4054; x_wconf 84' lang='lat' dir='ltr'><strong><em>armis</em></strong></span> <span class='ocrx_word' id='word_1_422' title='bbox 486 3999 690 4076; x_wconf 82' lang='lat' dir='ltr'><strong><em>incompositus</em></strong></span> <span class='ocrx_word' id='word_1_423' title='bbox 715 4000 821 4059; x_wconf 86' lang='lat' dir='ltr'><strong><em>dicitur</em></strong></span> <span class='ocrx_word' id='word_1_424' title='bbox 843 4003 945 4079; x_wconf 85' lang='lat' dir='ltr'><strong><em>miles,</em></strong></span> <span class='ocrx_word' id='word_1_425' title='bbox 973 4003 1021 4083; x_wconf 92' lang='lat' dir='ltr'><strong><em>qui</em></strong></span> <span class='ocrx_word' id='word_1_426' title='bbox 1043 4023 1120 4061; x_wconf 84' lang='lat' dir='ltr'><strong><em>arma</em></strong></span> <span class='ocrx_word' id='word_1_427' title='bbox 1142 4023 1194 4062; x_wconf 85' lang='lat' dir='ltr'><strong><em>sua</em></strong></span> <span class='ocrx_word' id='word_1_428' title='bbox 1214 4020 1273 4060; x_wconf 89' lang='lat' dir='ltr'><strong><em>non</em></strong></span> 
     </span>
     <span class='ocr_line' id='line_1_45' title="bbox 199 4075 1274 4164; baseline 0.006 -30"><span class='ocrx_word' id='word_1_429' title='bbox 199 4087 280 4135; x_wconf 87' lang='lat' dir='ltr'><strong><em>recte</em></strong></span> <span class='ocrx_word' id='word_1_430' title='bbox 299 4075 465 4156; x_wconf 88' lang='lat' dir='ltr'><strong><em>composuit</em></strong></span> <span class='ocrx_word' id='word_1_431' title='bbox 484 4076 519 4135; x_wconf 85' lang='lat' dir='ltr'><strong><em>ad</em></strong></span> <span class='ocrx_word' id='word_1_432' title='bbox 540 4077 655 4138; x_wconf 89' lang='lat' dir='ltr'><strong><em>hostem</em></strong></span> <span class='ocrx_word' id='word_1_433' title='bbox 674 4080 836 4141; x_wconf 82' lang='lat' dir='ltr'><strong><em>feriendum</em></strong></span> <span class='ocrx_word' id='word_1_434' title='bbox 856 4096 906 4143; x_wconf 90' lang='lat' dir='ltr'><strong><em>aut</em></strong></span> <span class='ocrx_word' id='word_1_435' title='bbox 921 4086 1077 4145; x_wconf 88' lang='lat' dir='ltr'><strong><em>arcendum</em></strong></span> <span class='ocrx_word' id='word_1_436' title='bbox 1099 4082 1163 4164; x_wconf 81' lang='lat' dir='ltr'><strong><em>(vd.</em></strong></span> <span class='ocrx_word' id='word_1_437' title='bbox 1185 4082 1274 4144; x_wconf 89' lang='lat' dir='ltr'><strong><em>Glos-</em></strong></span> 
     </span>
     <span class='ocr_line' id='line_1_46' title="bbox 198 4150 1274 4253; baseline 0.003 -34"><span class='ocrx_word' id='word_1_438' title='bbox 198 4177 254 4219; x_wconf 76' lang='lat' dir='ltr'><strong><em>sar.</em></strong></span> <span class='ocrx_word' id='word_1_439' title='bbox 269 4150 332 4220; x_wconf 82' lang='lat' dir='ltr'><strong><em>Liv.</em></strong></span> <span class='ocrx_word' id='word_1_440' title='bbox 348 4158 394 4253; x_wconf 85' lang='lat' dir='ltr'><strong><em>cd.</em></strong></span> <span class='ocrx_word' id='word_1_441' title='bbox 413 4156 564 4241; x_wconf 79' lang='lat' dir='ltr'><strong><em>Kreyssig.</em></strong></span> <span class='ocrx_word' id='word_1_442' title='bbox 586 4180 610 4220; x_wconf 85' lang='lat' dir='ltr'><strong><em>s.</em></strong></span> <span class='ocrx_word' id='word_1_443' title='bbox 626 4164 859 4247; x_wconf 79' lang='lat' dir='ltr'><strong><em>incompositus),</em></strong></span> <span class='ocrx_word' id='word_1_444' title='bbox 882 4167 992 4248; x_wconf 85' lang='lat' dir='ltr'><strong><em>quique</em></strong></span> <span class='ocrx_word' id='word_1_445' title='bbox 1007 4188 1075 4226; x_wconf 89' lang='lat' dir='ltr'><strong><em>cum</em></strong></span> <span class='ocrx_word' id='word_1_446' title='bbox 1090 4165 1179 4226; x_wconf 81' lang='lat' dir='ltr'><strong><em>hoste</em></strong></span> <span class='ocrx_word' id='word_1_447' title='bbox 1192 4162 1274 4225; x_wconf 86' lang='lat' dir='ltr'><strong><em>nullo</em></strong></span> 
     </span>
    </p>
   </div>
   <div class='ocr_carea' id='block_1_8' title="bbox 0 0 1338 4656">
    <p class='ocr_par' dir='ltr' id='par_1_10' title="bbox 0 0 1338 4656">
     <span class='ocr_line' id='line_1_47' title="bbox 0 0 1338 4656; baseline 0 0"><span class='ocrx_word' id='word_1_448' title='bbox 0 0 1338 4656; x_wconf 95' lang='lat' dir='ltr'><strong><em> </em></strong></span> 
     </span>
    </p>
   </div>
  </div>
 </body>
</html>
