2634 4656
192 299 236 360 82
518 278 676 375 Dialogus
697 292 736 354 de
760 288 946 356 Oratoribus

193 448 273 523 ditis
304 448 339 521 iu
368 444 496 520 theatro
525 444 658 543 Virgilii
691 445 845 519 uersibus
870 440 1013 519 surrexit
1036 442 1215 517 universus
1240 457 1272 517 et

193 551 279 623 l'orte
302 563 510 649 praesentem
531 562 800 644 spectantemque
822 544 999 642 Virgilium
1023 559 1200 616 veneratus
1221 557 1272 615 est

192 650 242 722 sic
273 645 369 747 quasi
395 648 596 741 Augustum.
654 645 704 717 Ne
736 643 861 716 uostris
893 643 1028 743 quidem
1060 638 1270 740 temporibus·

192 746 370 821 Secundus
391 742 601 845 Pomponius
629 744 715 817 Al'ro
739 737 887 817 Il'omitio
918 741 969 815 ecl
1000 740 1162 839 dignitate
1186 738 1271 813 ritae

191 925 391 978 commentatt.
402 914 436 972 ΙΙ.
452 914 489 973 de
509 912 700 995 lmperatoris
716 909 848 973 Caesaris
864 912 911 972 Au
954 910 993 971 sti
1009 907 1128 1005 seriptis
1150 927 1270 969 sorum·

190 1020 250 1079 que
282 994 423 1075 reliqniis.
458 994 552 1054 Grim.
576 1000 653 1059 1835
677 1005 708 1053 et
732 998 820 1052 1836.
843 997 872 1057 4.
938 992 1005 1052 uiue
1026 992 1084 1051 virt
1107 984 1272 1049 doctissimi

138 1142 148 1151 ,
190 1098 267 1159 opus
288 1078 325 1136 de
345 1075 404 1135 vita
433 1087 463 1134 et
491 1074 607 1155 scriptis
634 1063 764 1158 Augusti
784 1082 813 1136 2.
834 1074 904 1137 roll.
928 1072 1141 1141 absolvendum
1157 1068 1272 1131 iamdu-

190 1160 260 1219 dum
281 1157 386 1238 cupide
405 1169 598 1237 exspectatur.
1108 1166 1114 1171 '

272 1249 384 1309 auditis
404 1252 434 1307 in
454 1249 570 1309 theatro
593 1249 708 1322 Virgilii
725 1243 869 1327 uersibus]
894 1244 1064 1305 Weicbert.
1083 1254 1198 1324 poetar.
1214 1241 1270 1303 h-

188 1330 243 1390 tin.
264 1329 348 1410 reliq.
371 1352 398 1410 p.
419 1334 488 1390 285.
531 1331 604 1388 »lam
632 1349 704 1387 uero
734 1327 878 1387 nobilium
903 1338 1057 1407 poetarum
1085 1323 1213 1387 connisa
1238 1314 1271 1387 iu

189 1411 311 1472 theatris
334 1431 398 1470 esse
418 1410 556 1486 recitata,
585 1421 701 1469 constat
721 1430 756 1469 ex
777 1408 864 1469 Auct.
884 1406 1269 1490 Dialog.de0ratt.c.18.

189 1497 274 1553 testis
298 1529 335 1543 -
356 1493 530 1567 Augustum.
573 1492 664 1566 Quod
690 1490 892 1555 testimonium
922 1488 1086 1571 gravissimi
1114 1488 1269 1570 scriptoris

188 1574 261 1647 mihi
288 1574 402 1634 abunde
430 1573 547 1632 firmare
574 1585 604 1633 et
624 1572 704 1631 omni
725 1571 907 1631 dubitatione
933 1570 1060 1631 eximere
1082 1570 1207 1639 ⁴videtur
1225 1590 1269 1647 es,
1302 1608 1305 1613 -

190 1677 263 1736 quae
284 1656 388 1736 purtim
409 1654 530 1715 Servius
552 1655 588 1713 ad
607 1654 688 1736 l'irg.
709 1652 770 1713 Ecl.
792 1655 844 1723 Vl.
867 1657 932 1725 ll..
953 1651 1057 1733 partim
1078 1653 1187 1712 Donat.
1209 1651 1269 1713 vie

189 1737 273 1819 Virg.
296 1739 345 1795 Xl.
366 1737 393 1819 ς’.
410 1739 459 1797 41.
480 1736 635 1796 memoriae
656 1735 787 1795 tradunt.
827 1732 880 1794 llle
900 1733 977 1794 cuim
997 1732 1137 1814 liclogam
1158 1745 1270 1795 sextam

188 1840 205 1880 a
226 1817 388 1903 Cytheride
411 1817 496 1879 mima
515 1817 545 1876 io
567 1817 682 1876 theatro
704 1816 852 1893 recitatam
875 1835 940 1875 csse
959 1814 1094 1886 adnotat;
1116 1814 1165 1875 hic
1184 1827 1269 1877 uoto

188 1921 328 1961 successu
348 1897 505 1979 Virgilium
525 1897 663 1958 Bucolica
691 1897 816 1957 edidisse
843 1897 951 1969 refert,
979 1907 1015 1956 ut
1032 1894 1063 1954 io
1084 1917 1171 1957 scena
1192 1916 1269 1977 quo·

188 2002 246 2060 que
267 2002 321 2063 per
344 1991 482 2038 'cantores
505 1979 606 2039 crebra
622 1977 869 2077 pronuntiatione
892 1977 1112 2037 recitarentur«
1153 1975 1269 2039 &rmi-

187 2083 259 2121 num
280 2059 466 2121 recitationes
489 2061 601 2120 Romae
622 2081 653 2119 ru
673 2059 789 2119 theatro
809 2059 896 2119 laetas
918 2080 983 2120 esse
1004 2058 1106 2118 docuit
1125 2058 1216 2141 hang.
1236 2058 1269 2120 iu

186 2141 276 2201 Vind.
305 2154 377 2223 trag.
409 2144 494 2201 llum
524 2163 552 2223 p.
581 2146 630 2201 27.
659 2140 771 2220 Opusc.
792 2163 821 2236 p.
844 2146 892 2201 56.
940 2140 989 2200 Sic
1019 2139 1119 2200 Ovidii
1148 2160 1269 2240 quoque

189 2222 315 2283 carmina
335 2221 454 2281 recitata
469 2242 534 2281 esse
550 2220 687 2299 discimus
711 2221 838 2281 e'l'rrst.
863 2225 900 2297 ll,
921 2226 980 2281 519
998 2232 1028 2280 et
1048 2228 1097 2281 20.
1139 2222 1181 2282 lat
1200 2242 1269 2291 meas

190 2314 258 2365 sunt
274 2305 379 2387 populo
396 2306 527 2363 saltata
549 2314 687 2387 poemata
708 2323 815 2384 saepe;
843 2305 939 2385 Saepe
957 2305 1057 2363 oculos
1074 2307 1170 2364 etium
1192 2304 1269 2363 deti·

185 2406 276 2444 nuere
296 2397 362 2445 tuos
383 2384 550 2467 (referenda
570 2385 604 2445 ad
626 2384 786 2444 carminum
806 2384 961 2444 lectionem
979 2384 1014 2444 ab
1030 2385 1170 2467 Augusto
1187 2384 1270 2447 domi

185 2488 256 2527 suae
274 2466 391 2528 institui
411 2463 552 2547 solitam).
593 2466 635 2527 lb.
665 2469 702 2544 V,
731 2472 762 2541 7,
787 2471 828 2527 25
850 2488 894 2549 sq.
939 2462 985 2527 (ΙΙ.
1013 2478 1113 2527 annot.
1134 2467 1171 2529 ad
1191 2466 1269 2529 Ilial.
1305 2474 1313 2487 ‘

185 2554 300 2610 e.26.

203 2571 222 2629 P
267 2642 397 2699 surrexit
417 2636 582 2719 uniuersus]
605 2637 701 2712 Quam
723 2637 847 2723 insignis
867 2637 965 2699 honos
979 2638 1087 2715 luerit,
1108 2660 1197 2721 quem
1210 2662 1267 2725 po·

207 2718 274 2778 ulus
297 2720 445 2799 surgendo
468 2719 498 2777 in
520 2719 641 2778 theatris
671 2718 728 2778 uisi
750 2720 976 2800 imperatoribus
999 2741 1162 2802 eorumque
1181 2722 1267 2785 sami-

184 2741 233 2859 iiis
253 2798 359 2859 habere
383 2819 444 2857 non
465 2798 571 2858 solitus
594 2799 650 2874 sit,
677 2813 796 2880 apparet
816 2822 832 2861 e
852 2801 934 2861 Suet.
957 2801 1034 2884 Aug.
1054 2807 1103 2864 56.
1146 2802 1269 2867 Eisdem

83 2932 86 2937 .
186 2877 286 2961 (liliis)
303 2883 503 2960 praetextatis·
530 2881 627 2940 ndlrue
648 2893 843 2941 assurrectum
870 2883 908 2941 ab
937 2886 1077 2942 uniuersis
1096 2888 1127 2943 in
1148 2886 1267 2949 stenem

178 2970 216 3019 et
236 2980 257 3019 a
277 2961 422 3019 stantibus
439 2963 574 3041 plausum
594 2965 768 3036 grauissime
788 2973 905 3045 questus
924 2974 976 3024 est.
1002 2964 1077 3024 Plio.
1091 2966 1200 3048 Pancg.
1217 2969 1266 3030 54.

184 3044 254 3123 quin
274 3046 364 3101 etiam
385 3051 468 3103 inrito
490 3046 603 3102 maiore
625 3063 762 3102 consensu
783 3049 814 3102 in
835 3049 1047 3106 venerationem
1074 3051 1120 3105 tui
1144 3049 1267 3109 theatra

51 3146 64 3162 ³
172 3124 250 3204 ”ipsa
265 3135 464 3198 'consurgenn
498 3126 608 3206 quanto
637 3129 734 3197 arogis
763 3124 799 3184 de
834 3136 864 3185 te
898 3147 1006 3185 scenae
1032 3128 1165 3190 silebunt.
1193 3129 1265 3291 ibit

184 3204 332 3347 {limiti
356 3206 442 3345 ⁸⁹p'uet.
470 3202 571 3266 Claud.
593 3212 622 3268 6.
662 3202 724 3266 Dio
744 3203 825 3293 Cass.
845 3208 922 3286 Ltv,
942 3214 993 3270 27.
1020 3208 1100 3290 Lips·
1126 3210 1222 3273 Elcet.

226 3306 270 3344 .e
304 3329 335 3359 .‚
376 3329 384 3344 .

160 3379 162 3383 ’
196 3384 199 3391 ’
257 3382 419 3431 'uerrerutns
438 3382 481 3432 est
501 3378 543 3434 sie
560 3378 647 3457 quasi
663 3373 847 3458 Augustum]
869 3398 909 3437 sc.
928 3389 1129 3439 venerareturc

218 3490 223 3499 ’
263 3461 412 3521 Secundus
431 3461 625 3546 Pomponius]
659 3465 694 3524 L.
714 3465 890 3548 Pomponius
908 3469 1057 3529 Semndus
1079 3469 1138 3530 luit
1157 3469 1207 3532 vir
1231 3470 1288 3532 in·

181 3538 272 3602 rebus
294 3541 448 3616 civilibus,
480 3555 510 3603 ct
538 3543 648 3605 bellicis
670 3545 745 3606 bene
773 3559 924 3623 versatus,
954 3550 1066 3632 legatus
1088 3550 1264 3613 Germaniae

182 3620 363 3704 superioris,
394 3624 442 3683 cui
469 3625 585 3685 decreta
612 3626 813 3708 triumphalia,
846 3640 877 3688 et
903 3644 989 3711 poeta
1018 3632 1147 3713 tragicus
1173 3644 1263 3695 mort.

183 3707 252 3764 circ.
272 3728 296 3765 a.
315 3711 363 3764 60.
384 3728 411 3785 p.
428 3703 482 3766 Cb.
499 3707 604 3782 Quint.
625 3709 663 3781 X,
690 3714 719 3784 1,
738 3714 787 3768 98.
818 3710 930 3770 Eorum
952 3714 1160 3795 quosuiderim
1179 3716 1264 3791 lum

178 3790 313 3869 princeps
332 3786 511 3868 Pornponius
525 3789 690 3862 Secundus,
712 3812 794 3870 quem
815 3811 899 3850 senes
959 3817 1025 3853 rum
1043 3800 1190 3870 tragicum
1207 3818 1264 3879 pu·

182 3867 303 3939 tabant,
326 3869 487 3928 eruditione
510 3890 546 3929 ae
565 3874 659 3929 nitere
676 3881 833 3951 proestare
854 3814 1075 3952 cortilibuntur.
1118 3878 1205 3938 Duos
1225 3877 1264 3938 li·

182 3944 254 4006 bros
284 3949 321 4007 de
349 3949 412 4007 cius
441 3949 499 4007 vita
525 3950 701 4029 conscripsit
721 3951 832 4012 Plinius
856 3954 951 4015 hlaior
982 3957 1017 4016 ei,
1037 3970 1199 4039 cognatus,
1228 3968 1265 4018 ut

183 4040 281 4087 narrat
307 4028 381 4087 Pliu.
404 4030 477 4109 Epp.
500 4031 549 4103 lll,
570 4037 598 4088 5.
620 4033 682 4104 Vll,
707 4035 752 4091 17.
788 4033 868 4115 lips.
892 4037 929 4096 ad
949 4039 1018 4098 Tac.
1037 4039 1117 4098 Anu.
1138 4040 1192 4117 Xl,
1215 4044 1262 4101 1³.

181 4108 271 4193 lang.
293 4108 380 4167 Vind.
399 4120 471 4190 trag.
492 4113 578 4170 Rom.
598 4134 626 4193 p.
648 4115 697 4172 27.

260 4188 337 4270 Afro
356 4186 505 4276 Dorseitio]
539 4192 690 4256 Donidius
709 4182 791 4276 'Afer
807 4194 900 4280 (utut.
921 4220 965 4283 ep.
988 4199 1060 4285 15).
1100 4203 1262 4284 nemauso,
1290 4170 1293 4175 Ι
