2634 4656
184 269 246 330 tto
503 264 663 348 Dialogus
685 266 723 326 do
747 263 930 325 Oratoribus

180 439 214 496 et
229 416 329 495 alteia
347 418 553 492 oratiuncula
573 417 741 492 satisfacit.
775 419 845 490 Nee
863 416 1188 503 dissentire'ceteros
1215 414 1259 488 ab

184 522 246 594 hoo
270 547 345 593 meo
371 518 496 591 iudicio
519 518 635 591 video:
669 535 792 617 quotus
816 517 903 615 enim
933 517 1075 615 quisque
1107 513 1197 588 Calvi
1226 515 1264 586 in'

180 618 406 725 {isitiumfl'uut
429 618 464 690 in
484 620 634 690 Drusum
660 617 767 715 legit?
815 619 861 691 At
883 614 1026 688 Hercule
1050 616 1085 688 in
1110 615 1261 719 omniunt

186 789 314 851 Cornuto
334 787 408 847 nihil
431 799 555 848 constat.
575 794 628 834 -'
656 786 692 845 Iu
713 784 815 845 eodem
836 784 1049 844 valetudinario
1069 804 1133 843 esso
1154 788 1201 830 -'
1214 786 1261 853 ios¹

182 891 249 932 cero
268 870 523 950 est-proverbium
546 870 582 929 de
604 867 659 943 iis,
682 867 732 947 qui
753 866 856 926 eodem
874 866 950 925 malo
970 877 1161 946 premuntur,
1180 864 1262 945 quoti

182 949 492 1014 convenientissimum
519 955 586 1024 e'st,
623 949 689 1029 quia
718 947 870 1017 salubritas
898 960 927 1009 et
956 948 1062 1029 sonitus
1093 945 1157 1025 (vd.
1185 945 1274 1006 Diui.

182 1041 223 1095 23
247 1045 277 1093 et
297 1030 362 1113 25.)
383 1033 413 1093 in
434 1032 594 1092 virtutibus
617 1032 749 1090 oratoris*
765 1030 895 1111 ponitur.
927 1031 1030 1089 Seuer.
1052 1030 1104 1108 Ep.
1126 1035 1178 1088 27.
1197 1028 1262 1087 init.

183 1127 323 1197 tanquam
352 1117 381 1172 iu
411 1115 510 1173 eodem
540 1113 753 1173 ualetudinaria
779 1117 912 1185 iaceam,
944 1112 980 1170 do
1006 1114 1156 1170 communi
1176 1113 1262 1191 'moto

183 1207 279 1256 tecum
300 1197 452 1278 colloquor.
487 1196 553 1254 Nat.
575 1196 696 1269 Quaest.
716 1213 848 1273 prooem.
869 1197 919 1275 qrti
937 1193 1081 1252 rolustior
1100 1202 1145 1251 est
1164 1195 1196 1251 in
1210 1210 1263 1252 oa-

181 1278 368 1339 lotudiuoriu.
412 1279 488 1336 Ossa
510 1287 538 1335 et
556 1280 680 1335 maciem
702 1274 766 1355 (vd.
787 1273 854 1333 inlr.
875 1275 980 1332 Oratio
1000 1284 1100 1332 autem
1122 1271 1263 1353 010100-

72 1359 74 1363 ’
185 1359 249 1440 cipe
268 1359 304 1418 de
324 1357 422 1417 ieiuno
444 1369 474 1417 et
494 1358 575 1416 arido
597 1357 711 1416 dicendi
731 1376 855 1438 genere:
878 1355 983 1431 Quint.
1002 1350 1134 1436 prooem.
1154 1359 1204 1416 24.
1226 1357 1264 1432 ll,

184 1444 215 1516 1,
239 1446 267 1500 9.
288 1442 327 1515 V,
352 1444 398 1510 12,
422 1446 449 1498 6.
492 1438 641 1518 Quicquid
667 1438 758 1519 igitur
778 1438 814 1496 de
840 1437 872 1518 h.
892 1437 909 1495 l.
932 1450 1074 1518 corrupto
1095 1437 1141 1497 vel
1163 1438 1195 1496 io
1215 1437 1263 1496 in*

182 1526 300 1605 tegrum
327 1520 512 1581 restituendo
534 1520 581 1580 vel
601 1519 780 1600 explanando
808 1517 1042 1600 suspicabimur,
1065 1519 1139 1601 Apri
1160 1518 1265 1580 saltem

184 1602 330 1664 sententia
357 1601 427 1661 haec
454 1600 546 1661 luisse
574 1601 709 1677 videtur,
738 1621 770 1660 se
795 1621 858 1659 non
886 1622 906 1668 a,
930 1600 1199 1681 mediocri'aliquo
1227 1601 1264 1663 tle

183 1685 276 1766 'vulgo
304 1696 455 1743 oratorum
482 1682 688 1763 antiquorum,
727 1680 833 1761 quibus
869 1681 951 1741 exilis
972 1693 1012 1741 et
1039 1681 1136 1751 ieiuna
1166 1681 1263 1743 oratio

186 1766 249 1827 sola
268 1764 430 1846 probetur,
459 1763 576 1823 veluto
597 1762 723 1824 Canutio
745 1775 819 1836 eto,
848 1761 1012 1843 exemplum
1040 1782 1105 1822 esse
1127 1766 1265 1845 sumptu-

185 1870 268 1922 rum,
290 1846 377 1906 seda
398 1845 507 1919 Calvo,
529 1857 647 1905 oratore
667 1844 735 1904 sutis
756 1843 917 1926 probabili,
939 1845 989 1925 qui
1004 1856 1102 1904 tamen
1117 1845 1182 1926 ipse
1202 1850 1264 1906 non*

184 1929 216 1989 in
239 1927 374 1988 omnibus
397 1927 579 1987 orationibus
600 1925 739 1987 suis=sibi
760 1926 923 1986 satisfaciat.

268 2028 319 2097 oio
336 2026 366 2082 in
387 2044 446 2084 uuo
466 2034 494 2083 et
515 2026 613 2085 ultera
627 2023 836 2106 oratiuncula]
865 2020 959 2084 Codd.
979 2024 1066 2086 Foru.
1088 2018 1153 2085 Po'r.
1175 2022 1265 2085 vind.

185 2107 241 2168 Ed.
266 2106 343 2187 Spir.
365 2104 430 2165 lect.
453 2107 599 2165 etaltera
625 2117 788 2166 revocato
809 2104 923 2165 Drou'k.
944 2118 1121 2185 receperunt
1141 2114 1265 2167 recentt.

184 2187 241 2271 pro
263 2198 317 2246 out
338 2188 436 2246 alteru
458 2207 474 2246 e
496 2187 562 2246 Put.
591 2187 622 2245 in
644 2186 766 2266 plerasq.
794 2188 868 2246 Edd.
888 2208 979 2268 propo
1001 2199 1053 2245 utu.
1095 2187 1276 2262 Fonmulae,¹

184 2275 260 2353 [qum
284 2280 401 2350 praetor
426 2267 510 2327 form.
540 2291 613 2328 uuus
634 2279 663 2326 et
691 2270 769 2327 ultor
798 2265 849 2409 ide
878 2289 934 2347 qua
956 2209 1004 2326 vi.
1026 2267 1118 2328 Kritz.
1138 2268 1175 2327 ud
1196 2267 1265 2345 sul.

186 2354 250 2434 lug.
274 2357 321 2410 60.
351 2348 468 2408 Rubok.
491 2349 570 2411 Diu.
595 2351 630 2408 ad
651 2351 721 2409 Ter.
747 2350 794 2409 Au
817 2372 840 2408 r.
864 2351 887 2424 l,
911 2353 939 2424 1,
959 2355 1008 2408 50.
1030 2348 1066 2409 ed
1085 2349 1175 2410 ovid.
1189 2350 1265 2411 'Heu

191 2440 240 2509 15,
264 2429 347 2511 182.)
377 2431 518 2498 denotant
538 2429 689 2492 indefinite
718 2431 900 2513 complures,
930 2451 1093 2510 quanquam
1123 2452 1185 2492 non
1213 2432 1267 2493 ml·

186 2515 308 2574 modum
337 2512 465 2588 multos,
495 2513 548 2572 hue
575 2525 660 2573 sunt:
690 2512 723 2595 1)
743 2512 817 2573 uuus
836 2523 890 2573 aut
907 2515 998 2571 ulter:
1027 2510 1214 2586 11111929
1235 2512 1267 2575 01

188 2600 237 2656 39.
263 2594 339 2654 Plio.
359 2595 465 2676 Paneg.
488 2597 538 2654 45.
559 2616 583 2654 c.
606 2606 706 2654 annot.
725 2595 872 2655 Sehwarz.
909 2592 945 2670 2)
973 2603 1002 2653 ot
1025 2616 1097 2654 unus
1119 2605 1149 2655 et
1170 2597 1265 2659 ultor:

187 2671 339 2757 'Ciojlpp
356 2674 391 2733 ad
405 2675 495 2734 Attio.
511 2670 592 2749 xlv',
608 2683 635 2734 8.
652 2674 687 2755 3)
703 2699 776 2735 unus
790 2687 877 2758 atquo
891 2677 984 2736 ulter:
1007 2675 1075 2736 Sall.
1090 2675 1120 2734 ll.
1136 2674 1200 2737 Cic.
1220 2698 1266 2759 pr.

66 2783 68 2787 ’
185 2756 305 2818 Clueut.
330 2750 376 2813 13.
411 2755 446 2835 4)
470 2777 543 2815 uuus
568 2754 716 2839 alterque}
739 2756 802 2816 Liv.
823 2759 875 2832 Vl,
899 2763 947 2817 60.
984 2754 1019 2837 5)
1042 2759 1266 2818 unusulteroo:

184 2836 257 2898 'sao
280 2837 380 2895 Germ.
403 2842 431 2894 6.
465 2835 498 2918 6)
521 2859 594 2896 unus
614 2840 710 2900 ulter:
729 2838 803 2900 Plin.
825 2839 899 2921 Epp.
914 2839 966 2910 ΙΧ,
991 2845 1036 2898 10.
1052 2839 1108 2899 'ubi
1130 2826 1268 2901 comet

190 2917 329 3007 (iu‘vett.
350 2917 423 2976 Eud.
451 2916 482 2976 it.
509 2918 585 2977 Titz.
613 2918 728 3001 omiss.)
755 2931 835 2981 recte
865 2917 960 2979 omitti
987 2942 1075 2999 posse
1102 2906 1267 2997 annotavit,

188 3000 270 3083 ¹quod
300 2998 413 3059 Schuef.
437 2998 518 3058 Gier.
541 3011 570 3059 et
589 2999 709 3060 Herbst.
727 2999 929 3061 intruserunt:
958 3001 1044 3060 Libri
1063 3014 1134 3063 sunt
1153 3000 1268 3063 oratio}

175 3091 241 3163 vne's
269 3080 376 3153 litteris
408 3078 594 3163 consignatae
622 3082 669 3141 vd.
697 3095 797 3145 annot.
826 3084 861 3142 ad
882 3082 957 3144 Dial.
978 3089 1006 3142 3.
1034 3084 1109 3142 Plio.
1129 3078 1205 3165 Epp.
1225 3084 1266 3160 V,

186 3156 238 3243 20.
268 3164 372 3223 librum
402 3173 432 3221 et
460 3165 673 3224 oratiunculam
697 3164 865 3246 promiscue
885 3163 995 3246 posuit.
1018 3163 1064 3243 ‘A
1087 3164 1194 3239 Quint.
1214 3164 1267 3241 lv,

189 3248 221 3322 3,
245 3248 291 3305 17.
314 3241 562 3313 Ciceronisorat.
584 3244 686 3306 Milon.
706 3245 868 3329 appellatur
886 3246 1079 3307 oratiuncula.
1226 3244 1230 3251 ’

192 3332 195 3339 ’
269 3340 332 3402 Neo
360 3340 513 3401 dissentire
539 3354 712 3425 cetoros-
734 3336 909 3485 vidonem?
947 3339 992 3405 Cf.
1020 3334 1085 3404 Cic.
1105 3343 1192 3403 Brut.
1215 3346 1266 3421 82,

188 3424 259 3496 284.
296 3419 344 3481 ΑΙ)
358 3421 433 3502 Apri
454 3421 580 3498 iudicio,
599 3447 691 3505 aquo
712 3426 802 3487 ceteri
819 3426 944 3508 inteligi
964 3426 1113 3499 uidentur,
1133 3424 1187 3505 qui
1202 3445 1266 3499 ser,-

134 3517 136 3520 ‘
188 3501 272 3569 moni
290 3500 500 3578 iuterfuerunt,
522 3504 688 3587 discrepant
710 3508 814 3582 Quint.
835 3510 887 3582 Vl,
905 3513 933 3582 1,
958 3513 1003 3569 13..
1027 3508 1067 3581 X,
1088 3510 1211 3583 1,.115.
1228 3503 1264 3565 al

187 3597 220 3646 et
232 3583 331 3665 Aquil.
345 3586 432 3646 Rom.
458 3586 493 3646 de
514 3587 564 3667 fig.
585 3609 613 3668 p.
634 3593 699 3649 183.
720 3611 744 3648 c.
758 3600 864 3651 annot.
884 3588 1006 3650 Ruhnk.
1026 3588 1083 3649 vd.
1104 3599 1205 3647 annot.
1225 3578 1263 3647 ul

188 3664 264 3743 Dial.
289 3672 335 3728 17.
356 3664 483 3729 Ellendt.
503 3668 639 3751 Prolegg.
660 3693 687 3751 p.
709 3669 814 3731 CXXI.

262 3758 298 3815 iu
318 3755 447 3815 Asitium
469 3763 573 3823 autin
592 3761 742 3844 Drusum]
773 3763 901 3823 Asitium
924 3762 1017 3825 Codd.
1038 3773 1068 3823 et
1088 3765 1161 3833 Eud,
1182 3783 1268 3844 prte-

188 3845 237 3899 ter
253 3835 411 3910 Boettich,
433 3838 483 3917 qui
508 3843 631 3901 coniect.
653 3845 760 3911 Mutet.
787 3846 932 3904 Ascitium
955 3845 1022 3913 coll.
1042 3843 1103 3905 Cic.
1125 3867 1171 3925 pr.
1189 3843 1269 3907 Cael.

192 3920 240 4011 19.
260 3913 327 3996 (ubi
345 3939 403 4012 vaf.
427 3918 491 3979 lect.
512 3921 641 4002 Asilius)
660 3926 774 4005 probat.
797 3926 889 3988 Orell.
909 3928 985 3986 Add.
1005 3950 1034 4008 p.
1046 3927 1164 3986 LXVll.
1185 3946 1268 3987 rece·

189 4007 252 4078 pst,
281 4018 318 4057 ue
349 3998 474 4058 altorum
502 4002 684 4065 coniecturas
713 4029 993 4084 commemoremus,
1022 4009 1062 4068 de.
1084 4008 1192 4087 quibus
1220 4007 1268 4069 vd·

189 4079 304 4164 Meyer.
332 4078 374 4139 ira
396 4103 433 4139 m.
460 4094 547 4141 oratt.
574 4107 601 4164 p.
623 4094 692 4148 203.
730 4091 894 4151 Westerm.
925 4092 962 4150 G.
987 4091 1014 4150 d.
1041 4112 1066 4148 r.
1088 4090 1122 4148 B.
1149 4112 1178 4171 p.
1198 4094 1271 4151 218.

188 4158 236 4224 De
258 4160 362 4225 Druso
420 4181 454 4223 ec
473 4166 611 4245 exposuit
631 4169 799 4233 Weichert.
820 4183 914 4254 poett.
935 4174 1010 4237 Latt.
1032 4171 1116 4253 reliq·
1132 4194 1161 4254 p.
1183 4175 1267 4235 112:
