2634 4656
547 249 616 349 Cap
649 265 811 331 XXVIII.
844 264 847 268 ’
1072 271 1079 290 ’
1150 275 1212 336 191

130 428 204 486 rem
229 415 297 488 sive
332 416 375 489 ad
408 416 492 490 iuris
518 418 689 492 scientiam
722 419 790 492 sive
823 419 867 492 ad
902 421 1109 521 eloquentiae
1143 439 1214 495 stn-

130 512 227 626 tlium
252 515 463 607 inclinasset,
489 518 659 609 idsolum
688 536 821 614 ageret,
847 519 884 592 id
909 522 1101 594 universum
1127 519 1212 594 hau-

125 630 218 686 riret.
250 667 254 674 -
1140 640 1143 645 ’

127 793 159 843 et
178 784 337 843 illiberales
361 781 495 866 (artihq'a
516 796 547 844 et
567 797 704 865 quaestus
721 785 871 868 opificum,
891 787 1139 847 mercenariorum
1153 799 1220 850 etc:

128 864 178 924 vd.
209 862 270 924 Cic.
302 866 389 926 Oshc.
411 867 432 938 l,
463 870 510 925 42.
548 866 721 927 sordissima
751 866 888 945 artificia·
915 864 989 927 Dial.
1018 868 1117 949 32),
1139 880 1210 944 sunt

129 945 282 1006 doctrinae
310 948 357 1007 vel
380 947 563 1026 disciplinae,
594 970 667 1027 qnae
698 948 816 1008 homine
840 949 950 1029 liberali
971 961 1057 1028 atque
1077 949 1207 1033 ingenuo

127 1024 235 1108 dignae
262 1027 338 1087 salva
365 1027 520 1089 honestate
548 1042 740 1104 exercentur,
771 1029 853 1090 velut
880 1032 1207 1110 geometria„musica,

128 1108 293 1168 litterarum
326 1109 456 1190 cognitio
484 1121 514 1168 ct
540 1123 692 1190 poetarum
737 1111 796 1172 Cic.
826 1112 861 1171 de
890 1112 972 1172 Orat.
994 1115 1042 1185 lll,
1063 1115 1206 1188 32,'127.

126 1191 150 1263 1,
182 1193 233 1265 42,
263 1196 330 1252 187.
365 1191 433 1251 Tac.
462 1191 537 1250 Dial.
556 1197 595 1251 29
625 1204 654 1252 et
676 1199 722 1252 30.
747 1238 757 1266 ,
787 1191 970 1271 eloquentia,
1006 1193 1205 1274 philosophia,

124 1293 258 1351 quaeque
287 1293 302 1348 a
336 1269 480 1331 Cicerone
512 1273 573 1353 (vd.
598 1273 667 1333 Lex.
693 1272 754 1335 Cic.
782 1273 918 1334 Schuetz.
947 1297 969 1333 s.
991 1274 1060 1355 vv.)¹
1083 1275 1205 1355 aliisque

125 1351 241 1433 scriptt.
262 1353 401 1413 dicuntur
421 1354 513 1414 bonae
548 1347 622 1413 Dial.
637 1354 721 1435 29.),
744 1359 873 1436 optimae
894 1353 1000 1436 (Corn.
1021 1357 1093 1436 Nep.
1115 1357 1213 1416 Ilion.¹

126 1436 188 1511 1.),
218 1438 360 1508 ingenuae
381 1434 470 1508 (Dial.
491 1441 537 1494 32.
562 1480 571 1508 ,
603 1437 739 1495 liberales
767 1436 880 1517 (Agrie.
902 1435 983 1516 at),
1011 1441 1153 1510 ingenuae
1175 1437 1203 1498 et

124 1517 274 1589 elegantes
289 1514 366 1598 (Cic.
382 1517 466 1574 Finu.
483 1519 531 1591 lll,
554 1515 624 1597 12),
635 1516 818 1599 ,disciplinae
830 1518 967 1576 liberales
987 1517 1083 1596 (Suet.
1101 1516 1203 1577 Claud.

123 1594 186 1678 3.),
216 1601 382 1672 ingenuitas
412 1597 502 1678 (Dial.
519 1595 612 1677 32),
649 1599 820 1658 leumanitas
845 1594 1227 1680 (Α,;τῑε.,21.),3161611χ

121 1679 319 1737 humanitatis
339 1676 417 1761 (Cic.
437 1701 481 1760 pr.
504 1678 593 1738 Arch.
615 1701 643 1759 p.
663 1701 707 1760 cp.
729 1677 791 1759 2,),
821 1680 921 1737 studia
948 1679 1101 1739 doctrinae
1116 1678 1202 1760 (cic.

120 1760 208 1819 Finn.
231 1764 267 1836 V,
293 1766 340 1835 19,
362 1757 445 1842 53),
472 1761 595 1819 honesta
622 1761 722 1820 stadia
751 1759 840 1841 (Dial.
861 1757 935 1839 34).
981 1761 1123 1842 Arripere
1155 1760 1201 1819 di-

119 1840 220 1914 cimur
240 1863 307 1917 rcs,
329 1863 398 1920 quas
420 1841 553 1900 studiose
576 1839 627 1899 dili
648 1853 790 1921 enterque
809 1853 972 1901 tractamus.
1013 1839 1104 1902 Corn.
1125 1840 1200 1922 Nep.

124 1920 188 1982 Cat.
204 1929 238 1999 ¹3.
261 1945 284 1983 c.
305 1935 405 1982 annot.
426 1923 522 1981 Brem.
544 1920 605 1981 Cic.
627 1865 690 1983 Cat.
711 1924 751 1982 M.
770 1931 798 1983 8.
837 1922 986 2002 Arripere‘
1000 1933 1061 1982 taio
1078 1922 1208 2004 pectore

120 2002 140 2061 i.
164 2026 191 2084 q.
213 2004 286 2063 Dial.
309 2010 336 2062 3.
365 2004 531 2063 incumbere
551 2014 611 2063 toto
631 2015 758 2087 pectora.
777 2003 879 2076 ,Ovio
908 2007 982 2085 Epp.
1004 2025 1020 2065 e
1040 2007 1127 2065 Pont.
1150 2006 1219 2082 111,Ι

124 2089 153 2160 1,
175 2091 223 2145 39.
244 2085 472 2145 deaet'l'ectore
492 2085 529 2143 de
550 2095 611 2154 iota
631 2090 796 2170 cunctisque
817 2083 982 2145 incumbere
1003 2091 1106 2146 neruis.
1135 2083 1199 2156 Cic.

120 2166 196 2247 Epp.
216 2167 251 2226 ad
271 2166 360 2226 Attio.
382 2165 460 2241 Xlll,
487 2172 533 2229 12.
548 2168 636 2249 Ὓὶτς.
658 2168 732 2229 Aen.
755 2169 807 2243 lX,
828 2173 896 2227 276.
1167 2191 1169 2194 ⁴

206 2269 239 2326 id
255 2271 348 2328 solum
368 2272 482 2348 ageret]
509 2269 646 2329 Formula
665 2270 763 2331 boos.
785 2272 818 2331 id
837 2292 942 2346 agere,
975 2292 1048 2350 quae
1069 2269 1098 2329 h.
1118 2270 1138 2329 Ι.
1156 2270 1198 2332 si·
1256 2337 1259 2342 ,

120 2349 241 2433 gnificat
269 2363 412 2410 attentum
442 2372 512 2411 esse
536 2352 571 2410 ad
599 2351 724 2429 aliquid,
760 2353 880 2432 proprie
904 2352 1031 2431 pertinet
1052 2352 1087 2410 ad
1109 2372 1198 2412 sacra.

118 2433 193 2491 Nam
220 2453 295 2511 popa
323 2433 468 2492 victimam
498 2453 635 2498 caesurus
663 2432 832 2511 pontificem
854 2433 900 2492 vel
922 2431 1198 2493 sacrificantemin-

119 2512 308 2592 terrogabatz.
326 2513 446 2592 Agon'?
467 2513 514 2573 cui
533 2511 583 2572 itte
603 2512 814 2592 respondebat:
840 2514 907 2573 Hoc
930 2534 1003 2588 aga,
1025 2533 1085 2593 quo
1110 2510 1197 2572 simul

121 2594 250 2674 populiis
279 2594 469 2668 monebatur,
498 2605 532 2654 ut
559 2593 628 2653 hnic
655 2593 699 2652 rei
723 2606 851 2653 attentus
872 2605 958 2653 esset.
1001 2594 1056 2652 Vd.
1078 2592 1197 2654 Ruhnk.
1232 2614 1234 2619 ·

121 2675 200 2735 Dict.
222 2675 257 2734 ad
274 2677 342 2734 Ter.
363 2677 454 2736 Andr.
473 2666 544 2750 l,2,
563 2680 608 2753 15.
631 2673 730 2735 Schol.
751 2676 787 2757 ad
805 2676 887 2736 Suet.
904 2673 966 2735 Cati
989 2680 1060 2734 .58.
1080 2673 1197 2743 Κιιε6η,
1222 2669 1226 2687 .

92 2820 94 2833 ,
119 2757 157 2823 ad
185 2754 246 2816 Cic.
267 2757 355 2816 Tusc.
376 2760 399 2832 1,
423 2764 474 2833 20,
494 2759 542 2816 46.
592 2753 747 2815 Contraria
769 2756 843 2817 ‚huic
868 2697 1012 2816 formulae
1042 2767 1089 2815 est
1112 2753 1198 2815 aliud

119 2858 144 2896 s.
172 2839 252 2896 alias
277 2860 326 2896 res
352 2859 460 2912 agere,
488 2838 506 2896 i.
531 2859 556 2896 e.
576 2857 637 2896 non
665 2849 808 2897 attentum
833 2859 916 2913 esse,
945 2837 1010 2896 sinc
1030 2842 1100 2896 cura
1120 2857 1195 2910 esse,

118 2939 181 2978 non
202 2940 318 2978 curare:
341 2920 426 2978 aliud
445 2940 534 2994 agere
554 2918 628 2978 Dial.
646 2925 694 2979 32.
714 2919 814 3001 Agric.
828 2923 877 2980 43.
902 2940 925 2979 c.
940 2929 1054 2978 annott.
1074 2917 1195 2978 Walch.

119 3011 152 3076 ct
170 3000 261 3060 ttoth.
283 3003 362 3059 alias
382 3022 430 3059 res
450 3021 539 3075 agere
562 2996 623 3059 Cic.
643 3001 728 3059 Brut.
751 3008 801 3078 66,
822 3007 891 3061 232.
912 3021 937 3059 c.
950 3010 1057 3082 'annot
1077 2997 1174 3059 Peter.

118 3148 122 3156 .
187 3106 345 3181 demirer]
370 3089 508 3163 Ham-ire
523 3101 634 3182 pariter
653 3124 686 3162 ac
704 3103 820 3173 bibere,
847 3099 1027 3174 combibere,
1056 3100 1195 3159 imbibere

119 3197 151 3245 et
168 3187 323 3265 perbibere.
335 3184 504 3264 metaphora
519 3181 644 3263 eleganti
665 3205 680 3242 a
699 3182 819 3242 bibendi
832 3181 990 3260 eupiditate
1005 3182 1091 3240 ducta
1104 3202 1194 3240 usur·

116 3280 225 3347 pantur
246 3267 369 3325 maxime
388 3286 403 3323 a
422 3265 536 3345 poetis,
565 3275 600 3323 ut
623 3262 750 3342 aliquem
777 3262 886 3342 aliquid
907 3262 1011 3341 cupide
1033 3261 1194 3343 arripuisse

117 3349 198 3408 etin
219 3348 349 3406 intimam
376 3357 503 3410 mentem
522 3345 673 3405 demisisse
693 3344 832 3403 indicent.
864 3344 932 3402 Tac.
948 3342 1048 3424 Agric.
1063 3347 1092 3403 4.
1117 3345 1193 3404 bau-

114 3433 176 3488 rire
194 3429 396 3509 philosophiae
414 3426 562 3502 studium,
593 3424 668 3494 Dial.
689 3430 739 3484 30.
762 3425 965 3504 philosophiae
987 3437 1091 3507 partes
1107 3428 1193 3505 peni-

115 3521 163 3570 ius
183 3513 224 3586 h.,
247 3516 295 3569 31.
318 3510 346 3566 h.
368 3518 458 3567 artes.
480 3509 584 3567 Horat.
603 3507 676 3585 Epp.
697 3508 720 3581 1,
745 3513 776 3578 2,
799 3511 861 3585 67,
877 3505 973 3565 >Nune
993 3505 1098 3564 adbibe
1116 3526 1192 3584 puro

114 3592 241 3652 Pectore
271 3590 359 3648 rerba
384 3595 459 3671 pu'er
487 3610 510 3648 c.
539 3599 652 3647 annott.
681 3587 810 3646 Schmid.
840 3596 870 3646 et
891 3584 1001 3645 Obhar.
1024 3583 1085 3645 Cic.
1107 3585 1192 3646 l'inn.

114 3677 166 3747 ttt,
188 3679 217 3731 2.
238 3671 398 3733 combibere
417 3680 506 3728 artes.
527 3670 631 3731 Senee
650 3668 704 3746 Ep.
725 3673 774 3726 36.
798 3675 965 3746 perseueret
983 3667 1070 3725 modo
1095 3668 1192 3725 calere

115 3759 268 3827 uirtutem,
293 3752 446 3833 perbibere
465 3751 602 3809 liberalia
620 3749 739 3821 stadia,
764 3769 820 3806 non
839 3748 911 3819 itta,
937 3748 1040 3827 quibus
1055 3744 1194 3827 perfundi

114 3840 191 3894 satis
210 3844 271 3907 est,
296 3833 351 3890 sed
369 3833 462 3903 haee,
489 3831 590 3912 quibus
609 3829 763 3902 tingendus
783 3838 827 3886 est
847 3831 970 3886 animus.
1010 3828 1078 3886 Huc
1097 3827 1192 3907 perti·
1260 3837 1279 3890 .’

93 3929 167 3976 net
187 3917 261 3975 Hor.
282 3910 401 3993 quoque
431 3910 526 3972 Carm.
545 3914 596 3986 111,
619 3916 669 3984 21,
692 3914 719 3968 9.
748 3929 917 3989 quanquam
938 3910 1103 3967 Socraticis
1123 3930 1191 3967 ma-

114 3998 166 4056 det
193 3995 427 4069 Sermonibasc.
448 4003 561 4051 annott.
581 3989 744 4049 hlitscherl.
785 3988 836 4048 Sic
863 3998 942 4047 ieiuna
969 3989 1005 4049 de
1032 3988 1087 4062 iis,
1115 4010 1190 4072 quae

114 4099 185 4156 aure
205 4075 349 4136 bibuntur
371 4075 418 4136 vd.
440 4072 551 4133 lacohs.
574 4070 610 4131 ad
629 4070 752 4143 Anthol.
768 4069 828 4129 Pal.
847 4092 876 4150 p.
898 4075 947 4130 96.
