2634 4656
386 303 392 329 ,,
491 251 728 353 ¹aaroni„
820 292 830 325 „
1055 222 1131 356 'coo

55 408 131 498 ria,
156 436 260 509 quum
282 420 321 481 se
343 405 479 581 plurimi
508 405 706 485 disertorum
727 403 770 481 ne
791 399 814 484 ¹a
836 410 874 484 P.
897 408 1031 512 quidem
1055 410 1130 487 sei-

53 509 160 627 piouc
192 525 249 582 aut
282 507 342 605 Sul

54 607 273 683 incessendos
296 606 465 708 principes
488 607 588 696 viros,
614 623 650 679 ut
672 624 722 679 est
745 625 872 683 natura
887 610 1041 701 invidiae,
1066 640 1129 714 po-

14 775 17 779 .
54 707 130 812 puli
152 734 287 811 quoque
302 708 323 751 ²*
340 724 373 781 et
393 707 570 781 histriones
596 705 733 780 auribus
760 725 946 800 uterentur,
969 728 1128 812 quantum

131 875 201 960 Cap.
221 877 283 938 XL.
330 900 416 961 quurn
439 911 478 924 —
499 875 692 959 abstinerent]
721 875 795 940 Cod.
815 880 903 945 Vind.
923 892 953 942 et
978 881 1129 964 Et..sptr.
1172 958 1175 962 ι

59 982 120 1023 οιιι.
142 981 164 1020 a
183 959 390 1040 interpositum
409 980 426 1020 a
444 961 529 1032 Pus,
550 980 639 1039 quum
657 981 689 1019 se
709 961 756 1021 vel
776 963 888 1045 aliquid
906 964 1051 1024 obstinere
1070 967 1129 1025 ali-

21 1099 25 1105 .
56 1065 116 1128 quo
131 1040 277 1103 rarissime
298 1041 420 1117 dicatur,
439 1053 473 1101 nt
491 1033 555 1100 Lii.
574 1043 599 1117 l,
622 1045 650 1115 1,
674 1048 701 1103 1.
721 1044 831 1104 duobm
849 1045 951 1105 Aenea
966 1047 1129 1108 Antenore·
1162 1072 1165 1081 “

56 1147 114 1210 que
135 1158 173 1172 ·-
194 1144 278 1184 omne
306 1127 351 1184 ius
374 1123 442 1184 belli
465 1122 592 1200 Aabioos
618 1124 799 1186 abstinuisse.
848 1125 893 1188 Cf.
920 1129 956 1188 de
983 1139 1151 1191 structura·

58 1210 131 1290 aliq.
152 1205 301 1288 abaliquo
319 1206 394 1266 abst.
413 1207 490 1287 Rup.
510 1205 545 1265 ad
553 1205 615 1265 Liv.
636 1207 675 1282 ll,'
690 1213 742 1283 22,
760 1215 778 1268 3
803 1207 886 1268 Fabr.
906 1211 939 1269 ad
951 1212 1057 1285 XXIV,
1079 1215 1129 1287 1s,
1141 1207 1149 1270 ’,

59 1295 110 1352 10.
129 1289 267 1370 Herzog.
286 1288 322 1349 ad
342 1285 455 1371 (Caes.)
474 1289 509 1348 Β.
531 1287 569 1368 G.
589 1289 667 1364 Vlll,
686 1292 734 1351 44.
763 1290 788 1350 Ε
810 1287 902 1352 Codd.
920 1293 1005 1352 Farn.
1027 1305 1057 1353 et
1069 1295 1130 1353 Va-

25 1440 29 1447 ,
57 1371 127 1432 ticc.
147 1371 325 1430 abstinerent
344 1391 360 1430 a
379 1371 462 1430 Brut.
482 1381 513 1429 et
531 1370 820 1455 recentt‘receptum
840 1385 903 1447 est,
929 1373 999 1435 item
1017 1374 1075 1437 iam
1092 1374 1129 1435 ab

56 1455 165 1515 Heum.
188 1472 205 1513 e
231 1452 397 1513 coniectura
424 1451 548 1521 Acidal.;
582 1452 786 1514 abstinuerunt
829 1452 921 1516 Codd.
949 1458 1013 1517 Par.
1041 1456 1130 1517 Vind.

57 1534 133 1596 Edd.
153 1533 230 1616 Spir.
251 1535 317 1595 Put.
337 1534 402 1615 Bip.
420 1534 488 1594 Ber.
509 1533 572 1595 Alc.
582 1560 595 1617 ;¹
610 1536 801 1596 abstinuerint
814 1536 909 1596 Rben.
924 1550 954 1598 et
962 1559 1042 1618 seqq.
1068 1540 1137 1604 Pro.

58 1619 145 1678 Sulla
169 1615 306 1677 exhibent
331 1615 619 1692 siraconum,
650 1618 726 1677 Silla
752 1616 825 1679 Cod·
853 1619 938 1679 Vind.
965 1621 1038 1680 Edd.
1058 1631 1130 1682 vett.

60 1698 155 1761 Codd.
176 1697 292 1758 Sallust.
321 1697 383 1759 Cat.
402 1703 433 1774 5,
455 1704 509 1773 6.Ἰ
526 1699 608 1781 Sylla
634 1698 692 1780 (sic
712 1704 818 1770 Σύλλας
841 1698 959 1782 Graec.)
984 1702 1079 1764 Rbeu.
1099 1713 1131 1765 et
1216 1738 1218 1742 >

355 536 374 580 a
409 524 466 582 aut
495 508 555 581 Cn.
587 507 746 607 Pompeio
775 504 983 585 'abstinerent
1015 528 1049 585 et
1083 510 1129 588 ad
1172 524 1175 529 ’
1240 548 1248 563 ³

58 1779 144 1842 mult.
171 1780 245 1840 Edd.
265 1781 445 1862 scripturam
471 1781 572 1856 Sulla,
602 1802 675 1861 quac
701 1794 746 1842 est
771 1782 801 1842 in
827 1783 900 1843 Edd.
927 1805 1021 1860 recu,
1044 1805 1130 1867 prae·
1205 1796 1229 1837 -ἱ

58 1876 140 1926 stare
159 1862 266 1922 docent
285 1885 346 1922 uon
369 1862 462 1923 solum
477 1861 588 1922 nummi
608 1874 638 1922 et
657 1860 776 1944 lapides,
796 1864 946 1926 sedetiam
963 1866 1130 1949 ongovoc.

59 1965 175 2006 asora.
194 1945 242 2005 vd.
262 1945 353 2004 Kritz.
372 1946 408 2005 ad
428 1943 496 2005 Sall.
516 1944 535 2004 l.
550 1944 569 2004 l.
589 1943 706 2006 Waltb.
727 1948 762 2007 ad
781 1949 849 2010 Tac.
868 1948 945 2008 Αιιιι.
960 1951 984 2027 l,
1007 1955 1034 2011 1.
1053 1938 1138 2011 For·¹
1296 1982 1300 1997 ·

44 2026 129 2090 *celb
146 2027 216 2087 Lex.
235 2049 259 2086 s.
277 2049 305 2087 v.

141 2143 175 2193 ut
194 2141 238 2193 est
257 2142 366 2192 natura
394 2128 537 2212 invidiae]
570 2129 649 2191 Flor.
669 2134 721 2208 lV,
741 2140 773 2210 2,
794 2141 823 2194 8.
871 2132 1072 2214 Nimia-Pom
1093 2138 1133 2196 eii
1173 2142 1175 2146 '

56 2218 191 2298 potentio
217 2214 299 2296 apud
323 2218 446 2288 otiosos,
474 2223 506 2272 ut
534 2215 634 2288 solet,
651 2219 725 2277 sices
751 2220 838 2278 morit
866 2216 1014 2277 inuidiam.
1089 2238 1131 2279 ac.

59 2300 140 2362 Anu.
161 2298 210 2371 tlt,
234 2301 281 2356 10.
300 2296 397 2358 odium
421 2305 451 2354 et
469 2295 605 2355 invidiam
626 2298 707 2378 apud
726 2301 830 2359 multus
849 2300 954 2358 valere.

26 2440 29 2455 .
140 2402 241 2498 populi
257 2421 367 2497 quoqu-e
385 2398 406 2440 ’l
427 2409 456 2459 et
473 2400 627 2458 histriones
648 2401 767 2459 auribus
789 2399 954 2483 uterentur]
975 2402 1030 2462 Est
1046 2401 1131 2464 lorus
1174 2463 1176 2467 .

65 2495 325 2564 corruptissimus,
345 2503 376 2540 m
397 2502 455 2561 quo
474 2480 651 2540 emendando
669 2484 733 2540 VV.
754 2481 819 2540 DD.
847 2481 940 2543 adhuc
960 2482 1069 2544 frustra
1088 2482 1131 2545 la·
1257 2556 1262 2561 Ι

60 2565 213 2627 borarunt.
239 2562 331 2625 Codd.
352 2565 436 2623 Farn.
456 2563 520 2622 Par.
536 2562 621 2622 Vind.
637 2563 709 2623 Edd.
732 2563 753 2623 S
774 2561 809 2621 ir.
830 2583 855 2623 c.
879 2563 1018 2625 asterisco
1038 2564 1130 2627 Orell.

62 2659 95 2710 et
113 2645 231 2708 Waltb.
249 2648 351 2729 populi
374 2665 481 2728 quoqne
503 2655 532 2704 et
550 2645 719 2715 bistriones;
747 2585 839 2705 dudd.
859 2645 967 2707 Vaticc.
984 2649 1084 2729 populi
1102 2658 1134 2708 et

62 2731 239 2806 histrionem
268 2728 342 2787 Edd.
365 2728 431 2787 Put.
460 2737 490 2787 et
511 2748 590 2807 seqq.
616 2725 679 2786 iere
705 2734 806 2786 omncs*
828 2730 930 2810 populi
953 2750 1062 2812 quoque
1084 2729 1132 2790 bi·

62 2815 203 2881 striones;
235 2811 351 2869 Broter.
378 2808 490 2869 Dronk.
518 2820 548 2869 et
575 2809 685 2868 Osann.
716 2810 819 2891 populi
852 2813 942 2870 etiarn
967 2814 1131 2873 histriones.

63 2891 274 2968 Coniecturae,
306 2913 376 2972 quas
405 2912 504 2950 omncs
533 2903 681 2950 conrueret
709 2890 764 2953 Ed.
791 2891 928 2969 Waltb.,
963 2894 1134 2975 propositae

63 2987 150 3039 sunt:
186 2973 267 3035 velut
302 2974 337 3034 ab
372 2973 502 3032 Acidalio
531 2975 684 3033 bistriones
716 2993 825 3057 quoque
856 2975 956 3057 populi
983 2996 1012 3034 a.
1042 2998 1086 3050 u„
1113 2997 1132 3039 a
1158 3024 1160 3029 ⁴

43 3054 206 3126 ‚Scbnreib
221 3058 322 3137 populi
338 3075 447 3138 quoque
467 3056 519 3114 eeu
538 3056 692 3115 histriones
711 3076 740 3114 a.
756 3077 796 3132 a,
816 3056 1021 3138 aPeerlkamp.
1041 3065 1132 3119 etiam

30 3150 215 3222 'tamquam
229 3139 392 3212 histriones,
413 3158 429 3200 a
449 3137 572 3198 Secbod.
592 3137 624 3196 in
642 3136 696 3197 Ed.
712 3138 747 3197 11.
762 3139 863 3220 populi
880 3138 1031 3200 adstrictis
1048 3143 1133 3201 auri·
1228 3151 1233 3162 '

63 3221 117 3282 bus
136 3230 302 3295 uterentur,
329 3218 364 3280 ab
386 3218 481 3285 Orell,
502 3223 630 3302 plerique
650 3229 680 3279 et
698 3219 915 3280 bistrionalib'us
934 3222 1047 3282 artibus
1063 3212 1133 3282 ‘ute-

63 3314 182 3378 rentur,
203 3302 238 3363 ab
259 3304 420 3363 Heumann.
444 3303 544 3383 popuii
561 3321 673 3384 quoque
700 3301 913 3362 adrectioribus
928 3324 958 3363 a.
972 3326 1000 3363 u.
1018 3303 1132 3385 probat.

64 3384 182 3448 Scbuln.
199 3384 299 3446 Oberl.
318 3382 407 3445 Beldr.
426 3384 523 3443 Boett.
542 3383 629 3444 Bncb.
650 3394 681 3444 et
698 3383 771 3444 Ritt
798 3384 923 3445 Locutio
945 3405 1032 3446 aures
1050 3390 1132 3446 arri-

60 3470 134 3546 gere
154 3467 240 3528 ducta
259 3477 304 3527 cst
322 3465 357 3527 ab
377 3465 563 3542 animalibus,
584 3485 657 3546 quae
675 3464 711 3524 ad
725 3464 854 3525 subitum
874 3467 1026 3549 strepitum
1045 3489 1131 3530 aures

63 3549 218 3633 arrigunt,
245 3568 305 3630 quo
329 3547 431 3609 melius
452 3546 551 3608 andire
577 3545 693 3628 possint
718 3547 754 3609 ci.
774 3546 891 3608 Rubnk.
911 3549 989 3610 Dict.
1009 3550 1044 3609 ad
1061 3550 1131 3610 Ter.

59 3632 158 3693 Andr.
177 3634 216 3708 V,
237 3635 269 3706 4,
289 3636 337 3691 30.
385 3629 435 3691 Sic
462 3641 582 3690 arrecta
611 3632 690 3689 omni
716 3632 833 3690 ciuitate
859 3630 890 3689 in
911 3652 994 3692 causa
1013 3631 1130 3692 Pisonis

60 3713 133 3776 Tac.
153 3710 230 3773 Anu.
251 3714 301 3789 tlt,
322 3717 369 3772 11.
409 3710 533 3786 Erigere
553 3731 640 3772 aures
667 3709 834 3792 Ptin-app.
854 3714 892 3784 V,
914 3716 945 3788 4,
966 3716 995 3774 4.
1033 3706 1131 3776 Booti
1181 3765 1184 3770 c
1304 3733 1305 3737 ’

64 3795 191 3867 conieci.
207 3794 416 3854 adrectioribns
436 3793 478 3853 sic
493 3793 636 3854 defendit:
664 3795 721 3853 »lta
742 3795 837 3853 omnia
850 3793 959 3874 optimc
976 3794 1133 3857 cobserent

60 3890 94 3941 ct
115 3876 295 3957 explicantur
314 3874 402 3936 verba
427 3885 459 3934 ut
479 3886 523 3934 est
541 3885 650 3934 natura
669 3875 803 3935 inuidiae.
850 3876 921 3935 Nam
951 3898 983 3937 ea
1004 3876 1065 3958 ipsa
1083 3876 1131 3937 in-

49 3959 142 4022 'vidia
156 3958 332 4020 adtentiores
352 3956 447 4017 reddit
465 3957 567 4038 populi
586 3978 681 4031 aures,
702 3956 773 4018 baec
791 3968 885 4016 antem
906 3957 1006 4038 populi
1027 3960 1133 4034 studia,

59 4063 125 4104 non
145 4039 329 4101 histrionales
350 4051 436 4113 artes,
456 4039 531 4099 faces
551 4039 621 4100 istas
637 4038 801 4098 oratoribus
818 4040 1031 4100 admovebant«
1059 4042 1133 4102 Mihi

58 4125 92 4186 in
113 4135 240 4185 mentem
259 4121 341 4205 venit
360 4123 580 4194 attentioribus,
603 4121 681 4201 quod
701 4120 736 4180 ad
757 4121 861 4180 ductus
881 4121 1040 4182 litterarum
1062 4143 1133 4204 pro-

57 4209 127 4292 pius
148 4205 265 4268 accedit.
305 4204 354 4268 stc
373 4214 504 4266 attentae
525 4224 612 4264 aures
630 4205 720 4265 uuor„
736 4205 787 4282 Vl,
812 4209 899 4282 921,
915 4216 1033 4266 *attento
1052 4209 1134 4265 auris
