2634 4656
184 247 246 306 188
510 243 668 326 Dialogus
689 243 728 302 de
751 240 935 303 Oratoribus

142 410 163 463 '.
183 394 308 468 candos
338 393 601 495 formandosque
634 395 769 469 liberos>
789 423 896 496 pauca
929 394 1139 495 praedixero.
1191 392 1258 466 lam

182 496 327 609 pmnrum
355 521 436 566 suns
463 496 583 593 cuique
607 495 696 566 filius
723 522 762 567 ex
787 511 876 567 easta
903 511 1040 594 parente
1066 508 1167 564 natus
1192 504 1271 565 non'

182 622 217 665 ru
244 591 324 665 cella
356 611 485 692 emptae
517 594 675 678 nutricis,
712 594 773 667 sed
805 595 933 689 gremio
963 620 1013 665 ac.
1034 593 1114 664 sinn
1146 590 1260 663 mattis

183 690 407 778 educabatur,
434 691 529 764 cuius
554 693 734 792 praecipua
759 692 832 765 laus
859 711 927 764 erat
952 691 1038 763 tueri
1066 689 1206 761 domum
1231 704 1262 763 et

182 790 342 863 inservire
368 789 492 862 liberis.
552 789 749 887 Eligebatur
773 808 882 865 autem
904 791 1015 863 maior
1043 787 1158 888 aliqua
1182 804 1261 861 natu

185 991 261 1041 nott.
288 980 323 1040 ad
352 981 421 1039 Tac.
441 977 549 1059 Agris..
568 999 597 1059 p.
619 984 714 1058 1'sq.‚
749 981 800 1060 qui
825 981 861 1040 de
887 979 1003 1041 ratione
1031 977 1122 1039 huius
1151 978 1263 1060 figures

183 1061 213 1120 in
235 1062 407 1137 universum
425 1081 574 1141 exponens
596 1060 674 1119 inter
694 1061 747 1121 alia
768 1063 848 1136 dicit,
871 1062 906 1120 ad
926 1059 1073 1143 cogitandi
1095 1058 1259 1140 percipien-

185 1142 274 1220 dique
301 1141 443 1200 rationem
473 1140 582 1219 aliquid
609 1141 747 1217 differre,
778 1155 878 1202 utrum
905 1146 1062 1202 seueritate
1089 1142 1263 1223 discipliuae

185 1222 274 1304 (Dial.
295 1221 378 1303 te),
399 1243 434 1281 an
456 1226 612 1280 seueritate
632 1243 674 1280 ae·
687 1224 842 1304 disciplina
867 1222 983 1283 dixeris.
1075 1240 1079 1246 '

154 1375 157 1379 .
264 1332 331 1393 Iam
348 1336 477 1414 primum
498 1368 537 1379 -
559 1332 752 1410 educabatur]
772 1336 816 1392 Ex
837 1333 923 1394 tacita
943 1332 1146 1394 emendatione
1164 1330 1261 1392 Rhea.

185 1420 247 1475 iam
272 1418 401 1494 primum
422 1433 484 1552 pro
513 1416 574 1471 iam
598 1413 715 1492 pridem
741 1413 808 1475 lect.
830 1413 924 1476 codd.
953 1427 984 1475 et
1010 1426 1081 1474 vett.
1109 1414 1186 1473 Edd.
1214 1412 1264 1494 (be

187 1518 244 1575 qua
265 1495 378 1556 conius.
400 1518 419 1554 v
442 1538 449 1550 .
469 1493 546 1552 inter
568 1506 634 1552 rett.
654 1495 691 1553 ad
706 1494 784 1554 flor.
806 1500 829 1570 1,
854 1502 901 1572 13,
924 1496 968 1576 9.)
985 1506 1164 1576 receperunt
1185 1514 1265 1574 seqq.

187 1578 270 1638 Cella
293 1576 348 1635 fuit
369 1597 490 1655 parvum
511 1516 677 1633 cubiculum
698 1576 778 1634 servi
806 1589 857 1636 aut
878 1598 987 1647 servae.
1008 1599 1036 1636 v.
1062 1578 1137 1635 Hor.
1160 1577 1221 1635 Sat.
1240 1578 1265 1649 1,

188 1665 219 1728 8,
235 1666 263 1718 8.
285 1680 309 1717 c.
322 1668 420 1716 annot.
438 1654 553 1732 Heindf.
590 1655 637 1714 De
659 1656 818 1717 omissione
838 1658 995 1739 praeposit.
1016 1662 1046 1716 in
1066 1669 1135 1716 ante
1153 1659 1265 1731 gremio

188 1739 225 1799 ci.
253 1750 353 1797 annot.
372 1737 407 1796 ad
435 1736 511 1795 Dial.
534 1739 580 1795 15.
609 1747 702 1812 extu,
738 1738 786 1797 cui
813 1740 877 1797 add.
903 1740 1053 1805 Petersen‚
1082 1740 1210 1796 Annott.
1231 1736 1265 1797 ad

188 1818 223 1881 C.
243 1821 311 1879 Tae.
331 1821 415 1898 Spes.
435 1821 470 1874 11.
489 1839 518 1897 p.
543 1822 577 1875 16
595 1839 656 1895 sq.‚
687 1817 737 1897 qui
759 1818 947 1895 observavit,
973 1843 989 1880 a
1010 1819 1115 1879 Tacito
1136 1817 1265 1879 brevita-

185 1901 225 1962 tis
246 1911 401 1982 appetente
420 1897 666 1978 praepositionem
688 1900 778 1959 semel
797 1901 920 1980 positam
946 1903 982 1960 ad
1001 1901 1126 1963 alterum
1146 1920 1266 1974 nomen,

190 1982 271 2062 qnod
291 1979 441 2061 particulis
462 1978 645 2060 copulatius,
669 1980 865 2057 disiunctum,
885 1983 1075 2042 adversativis
1098 1992 1129 2040 et
1148 2001 1265 2061 compa-

188 2062 290 2122 rativis
303 2072 504 2132 annectatur,
533 2081 617 2139 saepe
640 2060 744 2120 omitti.
782 2063 860 2121 Ann.
881 2067 956 2137 XIII,
978 2069 1027 2122 21.
1051 2063 1101 2121 ubi
1121 2063 1198 2121 uibil
1212 2082 1264 2143 pro

187 2147 373 2214 innocentia,
394 2146 479 2224 quasi
499 2139 662 2218 diffideret,
691 2163 744 2201 nec
765 2143 924 2222 beneficiis,
950 2148 1037 2226 quasi
1056 2145 1263 2223 exprobraret,

190 2225 336 2284 disseruit.
363 2228 411 2281 53.
439 2232 473 2306 “i
499 2225 600 2302 copiae
621 2255 656 2265 -·
670 2222 765 2303 fluuio
793 2226 921 2284 Mosella
952 2229 982 2284 in
1010 2226 1166 2300 libranum,
1201 2228 1267 2284 eain

192 2305 339 2367 Oceanum
363 2303 559 2371 decurrerent.
587 2302 664 2361 Hist.
686 2307 709 2377 I,
731 2307 759 2364 4.
783 2303 860 2384 finis
879 2307 1004 2367 Neronis
1024 2340 1063 2350 κ·
1086 2310 1187 2365 uarios
1207 2327 1267 2365 ma-

124 2388 125 2395 ’
190 2398 238 2449 tus
258 2391 421 2445 baianorum
443 2407 499 2442 non
522 2384 607 2443 ruodo
628 2388 658 2441 in
678 2384 748 2443 urbe
768 2387 850 2466 apud
867 2398 971 2467 patres
991 2397 1044 2446 aut
1055 2389 1196 2469 populum
1217 2396 1267 2445 aut

191 2470 335 2529 urbanum
371 2465 509 2541 militem,
545 2465 598 2523 sed
627 2487 726 2523 omues
761 2468 888 2540 legiones
917 2470 1059 2549 ducesque
1093 2472 1278 2547 conciuerat.¹

190 2549 287 2610 Beier.
309 2548 345 2607 ad
367 2545 428 2611 Cic.
443 2545 519 2605 Lael.
542 2550 591 2605 21.
613 2551 726 2624 p.119.
747 2547 1030 2609 laudatoh.l.Dial.
1054 2548 1130 2609 hanc
1152 2548 1267 2629 ellipsin

191 2629 401 2691 eGraecismo
426 2628 550 2707 quodam
580 2625 703 2706 explicat
725 2627 792 2686 coll.
836 2630 916 2713 Sept.
938 2630 1048 2709 Empir.
1079 2630 1144 2688 adv.
1167 2628 1267 2689 blatth.

191 2712 244 2785 Xl‚
258 2716 307 2769 55.
328 2713 444 2784 bidumos
459 2741 493 2785 —ss
513 2710 545 2766 οὗ
566 2710 600 2765 δι’
621 2710 730 2774 ἑαυτόν,
749 2713 817 2768 [11λά
837 2715 881 2783 τήν
899 2717 926 2778 ἐξ
946 2716 1028 2770 αὐτοῦ
1047 2717 1188 2785 ysaope'rnu
1203 2713 1269 2772 ἀπό-

191 2801 293 2852 λαυσιν.
315 2787 490 2865 Quintiliani
507 2787 636 2867 exempla
651 2791 801 2870 congessit
812 2792 946 2851 bonnell.
961 2791 1097 2873 Prolegg.
1109 2797 1269 2871 p.XXXV.‚

193 2894 209 2933 e
231 2871 337 2951 quibus
357 2882 469 2929 tantum
484 2868 609 2929 enotabo
626 2875 662 2943 V,
682 2874 709 2946 1,
726 2877 754 2929 3.
774 2892 830 2930 non
845 2874 932 2933 rrzodo
952 2877 982 2931 iu
1002 2873 1189 2954 exsequendo
1202 2893 1270 2933 suas

211 2957 311 3032 uisque
332 2956 407 3010 eires
427 2951 511 3009 debet
531 2950 688 3024 adbibere,
708 2952 762 3009 sed
784 2957 874 3013 etiam
895 2954 1071 3013 inveniendo.
1110 2955 1161 3030 *lte
1179 2975 1214 3014 re
1233 2952 1268 3015 ef·

191 2978 320 3094 itoeder.
344 3034 379 3092 de
401 3031 537 3092 scholast.
552 3033 712 3091 Romanor.
733 3032 905 3094 educatione
918 3057 945 3114 p.
962 3040 990 3094 6.
1010 3033 1271 3097 temnentes.

193 3117 221 3177 d.
244 3119 329 3176 [tim.
349 3113 418 3172 Litt.
440 3135 468 3207 p.
488 3117 538 3172 21.
561 3113 725 3170 Westerm.
747 3113 784 3173 G.
807 3115 834 3172 d.
855 3137 880 3173 r.
900 3116 933 3174 B.
956 3114 983 3252 q
1006 3120 1053 3173 30.
1076 3113 1154 3175 Gett.
1177 3117 1213 3175 N.
1234 3115 1288 3175 A.

98 3238 104 3247 .
193 3201 257 3270 xn,
282 3201 307 3254 1.
329 3193 480 3275 (Favorrn.
502 3190 679 3271 disputatio,
707 3215 763 3273 qua
783 3195 875 3254 suasit
893 3181 987 3255 nobii
1006 3194 1149 3271 feminae,
1175 3195 1272 3257 'uult-

193 3276 282 3337 beros
311 3295 384 3349 suo,
413 3294 474 3332 uon
502 3273 650 3333 nutricum
674 3272 748 3334 lacte
774 3273 889 3357 aleret).
923 3278 991 3336 Tac.
1017 3276 1119 3335 Germ.
1141 3283 1191 3336 20.
1217 3296 1272 3336 sua

193 3376 332 3441 prestaque
359 3365 456 3433 mater
482 3354 616 3412 uberibus
644 3355 716 3431 alit,
745 3376 798 3414 nee
826 3367 880 3415 aut
905 3359 1019 3423 ancillis
1039 3367 1092 3416 aut
1113 3360 1272 3419 nutricibus

152 3474 157 3479 -
194 3438 376 3511 delegantur.
402 3434 501 3517 Agris.
522 3435 551 3494 4.
586 3435 689 3493 Mater
710 3435 790 3497 Iulia
817 3437 947 3498 Procilla
966 3435 1030 3515 fuit
1057 3458 1151 3497 rarae
1182 3443 1273 3503 casti-

193 3522 275 3585 tatis.
316 3517 351 3575 Iu
379 3516 465 3575 buius
488 3519 554 3574 sinu
578 3515 812 3598 indulgentiaque
838 3519 979 3578 educatio
1002 3539 1059 3599 per
1085 3539 1203 3587 amnem
1222 3522 1273 3581 bo·

193 3610 343 3661 uastarum
363 3601 474 3657 artium
495 3598 603 3655 cultum
628 3600 788 3676 pueritiam
817 3599 1100 3682 adolescentiamque
1120 3604 1274 3676 transegit.

122 3732 127 3741 .
196 3680 308 3757 Quanti
336 3680 370 3737 ab
396 3677 459 3737 aliis
481 3697 606 3759 *quoque
626 3676 739 3757 scriptt.
766 3679 880 3740 castitas
908 3701 1035 3740 uxorum
1058 3681 1136 3759 apud
1157 3684 1272 3743 Romm.

194 3762 350 3823 aclrrrodum
370 3770 509 3838 corrupta
536 3758 609 3816 facta
637 3757 677 3817 sit
704 3772 823 3839 apparet
850 3782 887 3821 ex
905 3763 1010 3822 Horat.
1031 3758 1128 3821 Carm.
1150 3766 1203 3842 111,
1225 3767 1273 3840 24,

197 3844 339 3902 17-24.
370 3843 468 3901 iuven.
489 3840 548 3898 Sat.
572 3844 598 3896 6.
1102 3842 1104 3847 '

279 3955 376 4008 maior
402 3953 505 4031 aliqua
524 3949 608 4024 natu]
643 3949 669 4007 E
697 3946 772 4008 Cot.
798 3951 884 4010 Farn.
911 3952 1003 4013 Bekk.
1028 3954 1129 4014 Boett.
1156 3956 1274 4017 Waltb.

142 4082 145 4087 ⁴
196 4031 283 4091 Bacb.
307 4041 337 4088 et
357 4031 430 4088 Ritt.
449 4051 505 4111 pro
531 4032 633 4112 aliqua
654 4033 751 4089 maior
772 4042 845 4091 natu
872 4033 903 4094 in
932 4033 1026 4097 codd.
1046 4038 1113 4097 Par.
1137 4037 1226 4098 vind.
1246 4050 1276 4098 et

195 4110 316 4195 reliquis
337 4111 410 4171 Edd.
1025 4125 1028 4131 ’
