2634 4656
393 266 409 295 '·
546 250 622 332 Cap.
645 253 688 312 X.
710 272 713 277 ·
805 280 808 285 ·
954 280 957 285 ’
1112 256 1156 316 69

71 417 129 475 aut
152 401 312 475 fortuitae
336 416 368 475 et
388 400 525 475 'subitae
548 403 705 476 dictionis
724 404 869 502 impetu:
904 404 1085 478 meditatus·
1105 410 1156 480 vi-

70 499 164 572 deris
191 518 248 573 aut
274 501 415 598 elegisse
440 504 617 601 personam
642 501 823 574 notabilem
850 519 882 576 et
910 530 985 575 cum
1011 508 1155 579 auctori-²

68 614 136 673 tate
158 597 334 673 dicturam.
386 598 501 673 Sentio
526 598 609 699 quid
627 601 824 700 responderi
851 602 975 702 possit:
1001 601 1081 677 hinc
1099 606 1154 678 iu·
1185 630 1188 647 ¹

67 698 181 793 gentis
198 697 220 737 *
236 726 275 771 ex
300 697 353 770 his
379 725 555 789 assensus,
582 699 663 771 hacc
689 698 835 801 iu'ipsis
861 699 1035 773 auditoriis
1080 716 1155 787 rae·

65 795 169 911 cipue
194 794 325 871 laudari
351 814 382 871 et
405 827 482 895 mox
506 798 654 871 omnium
682 799 894 872 sermonibus
917 799 1006 871 semi.
1054 730 1153 875 ll'olle

66 893 176 991 igitur
208 897 330 998 quietis
365 913 398 969 et
430 896 615 970 securitatis
653 899 915 989 excusationem,
952 925 1056 998 quum
1089 898 1152 973 tibi

67 1063 237 1144 scripturos
258 1075 325 1139 est,
353 1050 553 1144 accipiendum
575 1066 631 1142 sit,
659 1065 784 1127 necdum
805 1067 888 1145 Aper
910 1086 991 1146 spem
1012 1066 1152 1129 abiecerit
1244 1112 1252 1125 .

65 1142 152 1221 iore,
178 1155 215 1207 ut
242 1145 378 1207 astudio
404 1146 621 1228 tragoediarum
642 1147 861 1208 scribendarum
888 1147 1044 1209 admodum
1069 1149 1151 1230 peri·

66 1225 173 1305 culoso
194 1227 230 1289 ad
250 1226 398 1288 forensem
415 1227 613 1308 eloquentiam
632 1229 728 1289 minus
749 1227 943 1309 periculosam
963 1243 1131 1291 revocetur.

138 1305 291 1389 fortuitae
320 1320 350 1369 et
377 1309 494 1369 subitae
520 1308 673 1392 dictionis]
713 1308 775 1371 Cic.
798 1309 834 1371 de
855 1309 938 1371 Orat.
960 1312 1058 1385 1,,33,
1081 1316 1150 1373 151.

63 1388 166 1464 srcbita
188 1400 217 1449 et
226 1387 360 1468 fortuita
379 1394 476 1449 oratio
488 1393 647 1451 -subitae
666 1392 826 1465 dictiones,
846 1411 920 1470 quae
943 1402 1014 1452 sunt
1034 1402 1151 1453 eutem-

61 1472 186 1552 porales
205 1471 348 1531 dictiones
367 1492 382 1530 a
404 1517 411 1530 .
428 1471 532 1547 Quint.
548 1475 586 1548 ll,
606 1476 638 1548 4,
651 1479 702 1533 27.
725 1470 770 1535 Cs.
786 1472 824 1533 de
840 1493 889 1532 vr.
911 1472 1015 1533 Graec.
1037 1477 1149 1546 σχεδιά-

64 1548 117 1615 tur
136 1550 201 1612 sive
220 1493 432 1622 oisooxsdcdlem
451 1554 568 1614 Ernest.
588 1555 657 1614 Lex.
679 1553 806 1614 technol.
830 1554 934 1613 Graec.

148 1636 277 1731 impetu:
307 1633 466 1694 meditatus
495 1635 602 1695 uideris
630 1632 701 1716 aut]
738 1634 818 1695 Ante
847 1634 1007 1695 meditatus
1036 1655 1054 1696 e
1079 1636 1148 1697 Pur.

62 1710 150 1773 mult.
168 1714 244 1774 edd.
263 1726 441 1796 receperunt
461 1725 495 1775 at
515 1727 564 1790 tu,
594 1736 654 1796 quo
683 1715 879 1775 additamento
909 1726 971 1776 no'n
992 1737 1067 1797 opus
1090 1729 1147 1794 est,

63 1816 158 1877 quum
190 1796 259 1875 Tac.
287 1797 389 1877 partic.
417 1796 627 1857 adversativam
653 1795 702 1856 hie
728 1795 789 1856 illic
818 1795 948 1856 omittat:
976 1794 1029 1857 vd
1046 1809 1147 1859 annot.

33 1920 36 1925 -
62 1876 100 1937 ad
119 1874 196 1936 Dial.
217 1882 246 1937 8.
274 1897 319 1957 cp·
342 1882 389 1941 11.
422 1888 489 1937 arte
516 1878 646 1961 quadam
673 1880 826 1950 mitigavit.
855 1877 955 1938 Germ.
985 1883 1038 1936 16.
1059 1899 1148 1939 suam

61 1960 115 2041 qui
146 1978 183 2017 ue
196 1956 324 2031 domum.
363 1958 505 2040 Exempla
523 1981 559 2019 ex
574 1958 637 2019 aliis
652 1957 847 2038 scriptoribus
863 1957 982 2039 collegit
1000 1959 1147 2021 Ochsuer.

61 2039 100 2099 ad
149 2038 445 2135 'oEclog.p.134.
485 2041 658 2101 »Meditatio
680 2050 709 2100 et
736 2040 878 2100 meditari
901 2040 1021 2121 proprie
1042 2040 1146 2102 dicun·

60 2130 114 2181 tur
127 2120 165 2187 de
180 2121 388 2181 exercitatione
399 2132 429 2181 et
444 2122 664 2203 praeparatione
680 2120 715 2181 ad
731 2142 775 2197 ea,
795 2141 869 2200 quae
889 2121 1044 2202 aliquando
1064 2122 1145 2184 serio

59 2200 174 2287 agenda
195 2213 292 2262 sunt«
320 2201 435 2262 Kuelrn.
455 2203 491 2263 ad
512 2202 572 2265 Cic.
592 2204 681 2263 Tusc.
702 2204 752 2276 lll,
775 2206 823 2279 16,
845 2205 894 2262 34.

142 2282 212 2343 ltine
232 2286 358 2359 ingentis
377 2282 400 2325 ¹¹*
418 2304 457 2343 ex
479 2284 526 2344 bis
545 2281 698 2364 assensus]
735 2282 792 2343 llic
822 2283 906 2344 locus
933 2282 1021 2343 variis
1043 2283 1145 2345 conie-

59 2362 155 2424 cturis
176 2373 307 2425 tentatus
324 2364 449 2425 necdum
470 2366 637 2426 emendatus
659 2376 714 2426 est.
742 2363 835 2425 Codd.
858 2366 944 2424 Farn.
966 2365 1075 2426 Vaticc.
1094 2368 1145 2427 bic

58 2445 188 2521 ingentis
207 2465 245 2505 ec
265 2446 311 2505 bis
331 2466 484 2516 assensum
506 2444 580 2507 Cod.
600 2447 665 2507 Par.
686 2455 756 2506 vett.
778 2444 852 2503 Edd.
873 2445 940 2503 binc
960 2449 1084 2520 ingentis
1104 2468 1144 2507 ea

58 2526 108 2586 bis
127 2546 280 2599 assensus,
297 2523 376 2587 Cod.
397 2527 486 2586 Vind.
507 2536 535 2585 et
556 2547 594 2585 eo·
612 2528 675 2595 ‘lris‚·
696 2547 736 2584 eu·
758 2525 804 2583 bis
823 2524 994 2605 Wopkens.
1017 2528 1143 2588 Gesner.

59 2617 91 2667 et
116 2606 256 2681 Rittero,
284 2606 336 2688 qui
360 2606 444 2669 uncis
472 2606 610 2680 inclusit,
640 2607 676 2666 dc
701 2604 876 2689 glossemate
896 2606 1066 2687 suspectum
1086 2607 1144 2669 suit

58 2687 124 2769 (vd.
147 2708 193 2768 cp.
215 2693 262 2748 36.
290 2687 526 2768 Ιιίηο-Ἰιίησ),
557 2690 654 2747 exciri
678 2708 695 2748 e
723 2687 892 2748 coniectura
918 2688 951 2746 F.
979 2687 1015 2746 A.
1042 2688 1142 2749 Wolf.

57 2789 152 2829 verm.
173 2766 407 2850 Semissptot.
425 2771 457 2828 in
472 2782 585 2830 textum
607 2781 782 2850 receperunt
795 2768 884 2829 Bekk.
898 2768 1014 2830 Dronk.
1029 2769 1141 2831 Osann.

57 2846 208 2911 Boettich.
229 2851 325 2946 Rup.;
351 2846 454 2911 ¹Schel.
484 2852 669 2912 coniecturae
697 2854 829 2911 excitari
844 2850 1046 2932 patrocinatur
1066 2873 1143 2932 quo-

57 2930 215 2991 dammodo
235 2930 309 2992 Plan.
332 2932 541 3012 Epp.tV,19.
561 2937 612 3016 qui
630 2936 761 2995 uurrtient
780 2934 854 3008 sibi,
875 2953 959 3014 quem
980 2953 1142 3009 assensum,

57 3032 131 3097 quos
152 3012 297 3073 clamores
317 3017 484 3073 excitarim.
527 3016 635 3076 Illurct.
665 3014 787 3077 coniect.
816 3017 943 3075 existere
971 3014 1002 3073 in
1027 3026 1142 3075 textum

55 3090 240 3154 admiserunt
261 3094 366 3154 Heum.
396 3093 512 3155 Schola.
543 3094 643 3159 Oberl.
674 3095 707 3156 al.
736 3094 824 3157 Bach.
851 3116 886 3155 ex
916 3096 1058 3155 emendat.
1087 3094 1139 3156 lul.

55 3172 153 3259 Sillig.
175 3195 242 3235 rece
264 3174 287 3233 it
315 3178 429 3250 exisse,
478 3177 509 3236 ui
532 3182 614 3238 caira
639 3176 849 3256 interpretatus
873 3174 904 3234 in
931 3173 1140 3259 uolgusqema-

55 3276 145 3329 nure,
175 3265 210 3315 ut
236 3198 328 3317 ilorm
355 3258 429 3338 Nep.
457 3198 523 3319 bae.
546 3265 573 3320 6.
597 3259 729 3317 'Terent
758 3255 884 3337 Adelph.
905 3256 958 3331 lV,
979 3259 1008 3329 4,
1040 3260 1085 3315 17.
1114 3277 1139 3317 c.

55 3346 159 3399 annot.
179 3336 299 3400 Ruhnk.
326 3338 357 3399 in
387 3338 485 3414 Dict,
513 3339 677 3421 perlectum
707 3336 936 3417 exisse-accipit
960 3337 996 3397 de
1022 3337 1139 3419 plausu,

54 3437 147 3503 quem
165 3418 317 3479 Maternus
338 3440 373 3481 ex
392 3420 566 3481 recitatione
591 3417 711 3480 Catonis
732 3416 827 3498 iisque
847 3417 1033 3499 potissimum
1053 3419 1138 3496 locis,

97 3498 165 3557 ibus
193 3499 361 3579 potentium
388 3501 499 3560 animos
530 3500 721 3574 offendisset,
757 3498 861 3559 tulisse
891 3501 1061 3561 statuendus
1090 3501 1137 3560 sit.

54 3520 174 3641 gisum
189 3580 299 3640 Bachio
314 3580 422 3660 aliquid
436 3581 620 3642 intercidisse
635 3580 802 3659 suspicere,
825 3581 852 3639 le
874 3580 981 3639 endum
1001 3581 1136 3641 videtur:

52 3661 124 3721 binc
137 3664 263 3737 ingentis
286 3663 424 3743 plausus,
447 3673 476 3721 et
492 3683 530 3721 eu
544 3663 590 3721 bis
605 3682 749 3721 assensus.
791 3661 842 3721 Sic
854 3603 918 3719 lere
937 3659 996 3719 Cic.
1012 3664 1085 3741 Epp.
1101 3660 1137 3721 ad

51 3740 145 3903 AJtic.
163 3742 244 3817 XlV,
263 3747 309 3802 16.
325 3747 503 3827 praesertim
524 3747 616 3802 tantis
632 3744 801 3825 plausibus,
821 3752 909 3802 tauta
924 3742 1137 3823 approbatione
1219 3808 1223 3814 ,

51 3824 81 3883 in
92 3842 230 3883 imorum.

135 3903 318 3963 sermonibus
335 3901 433 4044 ferm}
470 3905 562 3966 Ferre
592 3904 758 3966 rumoribus
786 3904 854 3962 Tac.
881 3900 960 3962 Ann.
989 3902 1057 3979 XV,
1084 3906 1134 3965 46.

50 3981 124 4063 ihtq.
152 3985 231 4065 Rop.
251 3982 345 4062 fama
364 3987 445 4062 XV,
467 3993 495 4049 2.
530 3987 594 4047 Liv.
622 3989 646 4062 l,
672 3989 720 4047 42.
749 3985 857 4061 Xlllll,
879 3988 928 4044 31.
954 3986 1137 4049 sermonibus

49 4067 105 4143 lv,
125 4068 230 4228 ¹⁵dictem
260 4148 315 4207 tibi
340 4168 442 4209 sanias
469 4149 674 4210 adversarium
697 4126 894 4231 superiorem]
933 4149 1056 4209 Sumere
1080 4147 1137 4206 sibi
