2634 4656
518 221 608 305 cap.
630 222 691 286 IX.
828 268 832 281 .
1002 292 1004 297 ⁴
1108 228 1151 290 55

67 373 195 448 diserte
211 374 384 475 loquitur?
405 375 482 473 quis
499 374 577 448 idio
598 360 743 449 domnus
753 375 911 450 defensus
936 395 968 450 et
982 378 1045 452 tibi
1061 378 1157 453 obli--

67 491 166 568 gatus
194 474 304 547 redit?
338 475 413 573 quis
434 473 580 547 Saleium
601 491 773 564 nostrum,
807 478 977 574 egregium
1002 496 1149 578 poetam,

66 572 118 645 rel
148 577 180 646 si
206 573 271 647 hoe
301 570 576 646 honorificentius
601 591 668 663 est,
702 573 1003 676 praeclarissimum
1029 596 1149 668 ratem,

66 669 208 746 deducit
238 679 294 745 aut
324 671 446 744 salutat
464 689 526 752 'aut
552 676 790 774 prosequitur?
824 703 944 776 nempe
971 676 1000 749 si
1026 677 1153 750 amicus

64 868 175 932 morat,
191 853 297 918 Cicero
325 879 370 939 pr.
397 857 574 936 limabat.
596 864 645 918 30.
685 858 792 921 Lucius
822 860 941 921 Cassius
969 861 1038 938 ille,
1067 881 1153 943 quem

59 939 187 1017 populus
212 938 363 998 Mutunus
392 943 622 1011 verissimum‘et
647 944 893 1022 sapientissimum
921 943 1043 1002 iudicem
1060 951 1151 1022 puta*

65 1016 136 1090 bot,
155 1016 316 1078 identidem
336 1022 366 1078 in
385 1025 482 1081 causis
501 1042 641 1100 quaerere
665 1023 795 1093 solebat,
816 1027 864 1080 cui
882 1023 954 1082 bono
968 1021 1085 1101 suisset.
1105 1043 1151 1103 pr.

63 1096 171 1159 Milon.
195 1103 242 1159 12.
260 1098 312 1158 ubi
332 1100 379 1159 vd.
399 1099 518 1159 Abram.
540 1100 637 1159 Valer.
659 1102 734 1160 Max.
757 1103 805 1174 lll,
826 1108 855 1177 7,
877 1108 905 1162 9.

146 1199 177 1254 si
194 1196 275 1276 apud
294 1205 323 1255 te
346 1184 552 1270 Agamemnon
572 1208 625 1257 aut
644 1196 750 1280 Iason]
788 1199 879 1280 Aput
897 1209 926 1258 te
948 1199 967 1260 i.
990 1221 1015 1261 e.
1036 1200 1068 1262 in
1087 1211 1166 1262 tra·'
1249 1214 1252 1220 '

63 1275 182 1359 goediis
204 1275 273 1337 tuis.
297 1275 359 1337 Cic.
382 1275 445 1338 Cat.
469 1279 508 1336 M.
525 1285 575 1338 22.
616 1279 647 1338 A
666 1280 706 1340 ud
733 1281 947 1362 Xenophontem
968 1293 1067 1342 aetem
1085 1304 1151 1344 mo-

62 1361 144 1417 riens
165 1357 258 1440 (israe
280 1362 376 1419 maior
401 1359 474 1418 liaeo
500 1360 578 1420 elicit.
607 1304 668 1421 Oli.
688 1366 712 1435 l,
734 1367 761 1420 9.
791 1362 868 1444 quod
892 1363 973 1444 apud
991 1364 1149 1424 Platonem

62 1449 110 1499 est
131 1443 162 1497 in
178 1440 364 1579 ⁴philosophos
384 1440 499 1500 dictum.
527 1442 620 1501 Hand.
642 1443 729 1502 Turs.
751 1444 818 1502 Vol.
837 1447 857 1500 Ι.
880 1466 907 1523 p.
923 1447 994 1503 409.
1036 1443 1149 1506 Contra

62 1542 154 1601 quem
180 1542 267 1581 usum
303 1522 431 1600 oquendi
453 1522 568 1601 quoties
590 1545 606 1582 a
627 1523 820 1604 scriptoribus
843 1525 1056 1585 recentioribus
1076 1546 1148 1607 pec-
1211 1569 1215 1579 ι

62 1613 162 1663 catum
184 1601 223 1662 sit
243 1614 274 1663 et
291 1603 386 1662 adbuc
406 1616 545 1684 peccetur
563 1604 650 1664 docet
670 1604 772 1667 Krebs.
793 1605 994 1688 Antibarb..p.
1016 1613 1086 1668 256.
1106 1639 1153 1657 ·-.

60 1684 97 1742 ln
121 1683 268 1764 scriptura
292 1683 496 1758 Agamemnon
520 1719 557 1730 -
580 1687 669 1746 loson
703 1708 804 1746 omnes
839 1685 932 1747 Codd.
960 1688 1055 1749 adhuc
1080 1687 1148 1750 col-

60 1762 115 1824 lati
141 1764 310 1827 consentire
330 1755 487 1840 videnturJ
514 1768 651 1846 qnoniam
678 1766 757 1827 nulla
784 1768 976 1848 discrepantia
1004 1782 1051 1829 est
1071 1790 1147 1829 eno·

58 1857 129 1907 tata.
170 1846 231 1907 Sed
261 1847 287 1907 si
308 1845 383 1908 cod.
410 1847 515 1908 Medic.
540 1870 759 1928 assequemur,
787 1849 837 1928 qui
858 1849 977 1909 exhibet
997 1851 1075 1910 Ano.
1093 1854 1147 1928 ΙΙΙ,

60 1933 112 1988 26.
147 1929 233 2001 Solo,
254 1931 306 2004 Vl,
326 1931 375 1989 24.
409 1930 496 2003 Iaso,
518 1940 547 1988 ct
567 1941 752 2011 praeceptum
773 1952 788 1988 a
809 1931 1001 2011 grammaticis
1022 1944 1147 1992 recentt.

57 2009 266 2091 propositum,
294 2031 332 2070 ex
350 2031 410 2090 quo
431 2010 628 2071 nominativus
651 2014 771 2071 Graece.
792 2012 903 2071 nomin.
924 2033 1026 2093 propr.
1046 2013 1145 2073 homi-

60 2112 133 2151 num
168 2089 200 2149 in
227 2115 279 2167 ur,
312 2112 449 2171 qttornm⁴
467 2091 615 2174 genitivus
643 2093 673 2152 in
704 2119 768 2161 oros
790 2093 839 2153 vel
866 2119 925 2161 orec
952 2095 1030 2171 exit,
1068 2095 1147 2176 apud

57 2171 182 2232 Latinos
202 2171 232 2231 in
254 2185 285 2253 ὁ,
306 2193 432 2251 quorum
452 2186 548 2234 antem
569 2174 717 2257 genitivus
738 2175 768 2234 in
790 2200 867 2243 onos
882 2175 929 2236 vel
949 2201 1021 2245 οπος
1040 2176 1146 2237 termi-

58 2265 168 2328 natur,
189 2253 387 2313 nominativus
409 2255 441 2313 in
460 2264 499 2314 on
522 2256 598 2329 exit,
619 2256 647 2314 h.
664 2255 683 2314 Ι.
702 2256 885 2330 Agamemno
906 2267 960 2315 aut
980 2249 1049 2318 Iaso
1069 2257 1144 2318 scri·

56 2334 188 2407 &ndum
215 2335 281 2396 erit.
324 2335 366 2394 At
388 2357 477 2414 quum
500 2347 530 2397 et
550 2338 709 2417 scriptores
732 2337 799 2417 ipsi,
821 2337 903 2397 velut
925 2336 1044 2415 Cicero,
1065 2337 1144 2400 Cor-

57 2416 156 2477 nelius
183 2417 283 2497 Nepos
293 2428 313 2492 ‚'
332 2416 551 2492 QuintilianuS,
588 2440 650 2477 non
679 2420 798 2478 eande'm
826 2418 969 2477 rationem
984 2420 1145 2481 'scribendi
1169 2428 1171 2432 “

57 2497 145 2578 sequi
170 2497 342 2572 videantur,
384 2509 413 2557 et
441 2497 535 2559 Codd.
563 2498 692 2564 eiusdem
722 2499 875 2578 scriptoris
902 2521 1034 2580 magnam
1060 2500 1142 2562 lectt.
1259 2516 1262 2525 '

57 2578 281 2659 discrepantiam
309 2578 481 2653 exhibeant,
512 2579 543 2638 in
566 2579 618 2639 hac
643 2600 763 2637 recum
785 2579 921 2639 cantione
944 2580 1002 2640 erit
1020 2601 1152 2641 versam·

58 2661 145 2720 dum.-
181 2658 226 2719 Cs.
249 2660 359 2742 Reisig.
385 2660 501 2719 Vorles.
528 2660 555 2741 ξ.
579 2663 626 2721 64.
662 2662 747 2720 Haas.
780 2672 879 2720 annot.
909 2667 957 2721 68.
992 2662 1081 2726 Baclr.
1104 2662 1142 2724 ad
1216 2712 1218 2716 .

56 2740 234 2830 'saelAnm
255 2744 306 2813 ΙΙΙ,
328 2747 376 2802 26.
415 2742 462 2801 De
490 2741 593 2824 Virgil.
622 2742 836 2803 consuetudine
864 2741 902 2803 cs.
929 2743 1076 2827 Wagner.
1104 2744 1141 2805 ad

54 2822 133 2883 Aen.
153 2826 231 2896 vm,
250 2828 321 2882 sor.
391 2866 393 2870 .
1067 2860 1068 2863 κ

140 2917 276 2999 defensus
297 2930 325 2979 et
345 2920 400 2979 tibi
418 2920 563 2994 obligatus
589 2918 684 3002 redit]
712 2919 788 2981 Plio.
809 2921 916 3004 Paneg.
935 2927 985 2981 28.
1001 2924 1141 3004 populus-

53 3021 119 3144 Εἰ
131 3002 282 3062 Rbmanns
308 3001 453 3077 obligatus
473 3023 494 3060 a
515 3003 656 3063 tribunali
681 3012 746 3077 tuo,
775 3022 832 3063 non
851 3013 992 3064 exoratus
1011 3008 1138 3065 recessit.

120 3081 206 3142 stein.
224 3083 254 3140 in
274 3083 329 3142 Ed.
349 3082 467 3142 Walth.

135 3181 403 3263 praeclarissimum
425 3179 538 3277 notem]
576 3178 760 3240 Vocabulum
790 3185 865 3240 natis
889 3177 1135 3242 honorificentius
1240 3261 1241 3265 Ἰ

53 3282 143 3406 gram
160 3271 266 3344 poetae
283 3260 376 3321 luisse
397 3282 433 3322 ex
453 3262 551 3322 multis
573 3261 646 3322 locis
665 3262 844 3343 scriptorum
857 3264 934 3322 Latt.
951 3259 1135 3344 intelligitur.

86 3342 147 3406 vid.
166 3342 269 3402 Amor.
289 3345 339 3416 111,
363 3349 393 3416 a,
417 3349 455 3404 17
475 3355 505 3403 et
528 3349 574 3403 ts.
656 3396 657 3399 a

219 3420 260 3475 At
274 3424 356 3474 sacri
369 3429 448 3477 uates
464 3428 493 3475 et
510 3421 620 3475 Dirum
637 3437 709 3476 eura
728 3437 884 3477 vocamur:
912 3414 924 3437 ³

245 3487 330 3547 aaa
349 3493 452 3553 ettam,
472 3494 524 3559 qai
541 3507 594 3543 aas
609 3506 716 3543 nomen
732 3489 836 3544 babere
850 3493 968 3560 palam.

53 3558 246 3621 Horab‘Art.
265 3570 345 3638 poet.
365 3582 394 3620 v.
415 3563 485 3620 400.
524 3562 574 3620 Sic
599 3561 740 3620 honoret
761 3581 864 3620 nomen
885 3559 989 3617 divinis
1017 3556 1132 3616 notibus

52 3651 144 3724 atque
171 3639 359 3700 Carminibus
379 3645 462 3701 venit.
491 3641 652 3716 Quintil,
677 3645 705 3715 1,
725 3644 775 3702 48.
814 3641 896 3702 Nam
918 3649 947 3698 et
967 3639 1131 3696 benevolum

50 3722 220 3785 auditorem
241 3725 419 3783 invocatione
438 3724 604 3795 Musarum,
623 3743 696 3805 quas
712 3722 883 3802 praesidere
904 3719 1016 3778 ontibus
1035 3717 1131 3777 eredi-

50 3814 117 3865 tum
137 3812 200 3879 est,
228 3812 258 3861 et
279 3806 418 3864 intentum
437 3808 586 3886 proposita
613 3825 710 3863 rerum
733 3802 932 3876 magnitudine
955 3809 984 3857 et
1009 3799 1130 3859 docilem

50 3905 169 3947 summa
198 3885 332 3945 celeriter
352 3887 557 3966 comprehensa
575 3882 654 3962 „facil
684 3883 753 3961 ibiq.
781 3881 900 3941 Herbst.
921 3882 1128 3955 Xtt‚‘10,24.
1247 3933 1250 3940 .
1273 3896 1281 3913 “

49 3987 136 4051 quem
155 3963 338 4047 (Platonem)
356 3970 448 4047 ipsum
469 3989 537 4025 narn
556 3966 701 4025 Asianum
720 3965 946 4044 appellabimus,
961 3963 1131 4044 plerumque

49 4046 313 4109 immais‘dtvino
335 4051 440 4129 spiritu
466 4048 578 4107 vatibus
605 4046 856 4130 comparandum?
899 4041 946 4105 Cf.
966 4043 1128 4105 Bernhard.

11 4205 18 4212 ,
50 4126 265 4193 Grontrtnb
284 4128 374 4191 Ram.
393 4129 485 4191 liter.
504 4151 533 4211 p.
557 4133 625 4190 aaa
723 4189 725 4193 .
