2634 4656
515 246 594 331 cap.
617 210 810 341 rrxxrrr'
1123 246 1210 343 aas>¹
1292 326 1295 335 ,

89 412 171 482 sest
200 400 261 472 Cn.
292 399 490 502 Pompeium
522 416 554 474 et
580 403 746 476 Marcum
764 399 924 501 Crassum
961 384 1043 474 nun·
1059 401 1190 479 viribus

112 569 184 630 DI).
206 568 359 631 sententiis
380 569 452 630 mihi
471 566 594 631 maxime
612 569 761 653 probanda
782 569 901 657 videtur
922 565 1088 656 Meyeri‘et
1108 575 1191 655 Wc7

114 651 277 714 stermanui
292 652 447 728 sententia,
466 675 524 733 qua
544 652 625 713 Acta
642 652 753 734 accipio
768 652 805 712 de
819 652 983 713 actionibus
1001 665 1073 714 vett
1091 666 1191 732 oratt,

114 755 189 815 quas
217 733 327 815 pariter
352 746 440 815 atque
467 734 611 795 clarorum
634 735 768 796 virorum
789 733 926 814 epistolas
957 755 974 796 c
1001 734 1188 800 bibliothecis

113 815 347 897 antiquariorum
366 828 528 898 protractas
547 810 585 876 iri·
598 829 753 900 angustum
774 817 889 899 redegit
908 816 1071 878 Mucianus.

149 958 156 971 .
202 913 253 973 Cu.
278 913 450 1000 Pompeium
476 916 508 975 'et
541 917 676 976 Marsum
705 913 862 997 Crassum]
905 916 973 976 Tae
1002 915 1080 976 dnn.
1109 918 1132 992 l,
1162 920 1191 977 1.
1292 943 1294 955 ·

116 994 255 1078 Pompeii
275 995 429 1076 Crassique
448 1000 590 1078 patentia.
620 997 681 1058 Cu.
703 997 776 1057 Pam
797 1001 877 1070 eius,
898 1009 983 1057 uatus
1005 1002 1073 1059 64⁸.
1094 998 1133 1058 U.
1155 996 1191 1060 C.

114 1076 193 1159 prid.
213 1070 279 1137 cat.
295 1077 436 1151 Octobr,
464 1078 502 1156 ub
531 1099 579 1140 res
607 1078 638 1138 in
663 1078 741 1139 bello
787 1078 895 1139 innanu
915 1090 946 1139 et
964 1079 1085 1139 Sullano
1104 1101 1190 1161 prae-

115 1157 196 1220 clare
214 1152 455 1242 gestashlaguns
475 1172 506 1220 et
527 1162 686 1240 lmperatar
705 1160 815 1221 aSulla
834 1160 949 1237 dictus,
969 1160 1000 1220 in
1022 1161 1192 1242 Hispaniam
1281 1184 1289 1199 .

138 1239 281 1301 raconsnl
307 1240 413 1301 missus
436 1248 621 1305 678—682.
673 1242 839 1303 Sertorium
866 1242 992 1324 indeque
1023 1243 1120 1304 rednx'
1141 1264 1191 1304 re-

115 1263 393 1402 liquias-exercitus
419 1322 549 1404 Spartaci
570 1329 639 1384 663.
659 1324 775 1386 devicit.
803 1322 917 1385 Consul
938 1328 1006 1386 684.
1030 1346 1066 1387 ex
1092 1325 1191 1407 equite
1265 1362 1267 1366 ·

117 1406 255 1465 Romano
272 1416 340 1465 ante
357 1419 540 1485 quaesturam
560 1417 669 1488 gestam
690 1428 756 1467 cum
776 1407 816 1464 M.
839 1405 964 1482 Crasso,
986 1427 1113 1487 quocum
1132 1407 1198 1479 ini·¹
1227 1439 1233 1452 =

115 1485 241 1546 micitias
262 1484 305 1546 ob'
321 1485 429 1546 bellum
451 1485 557 1549 servile
585 1487 710 1549 feliciter
731 1485 920 1570 profligatum
940 1487 1106 1565 exercebat,
1134 1489 1192 1549 tri-

116 1566 264 1633 buniciam
304 1579 457 1628 ntestatem
478 1591 494 1629 a
515 1567 597 1630 Sulla
616 1569 792 1629 deminutam
820 1569 958 1629 restituit.
1000 1571 1042 1629 Le
1062 1591 1079 1630 e
1100 1570 1192 1630 Gabi·
1245 1593 1248 1602 ·

117 1648 166 1713 nia
192 1648 220 1708 ei
244 1590 354 1710 bellum
390 1653 529 1712 adversus
559 1653 665 1732 piratas
699 1657 768 1711 687.
790 1644 887 1711 datum
909 1663 975 1725 est,
1003 1592 1113 1711 bellum
1133 1652 1191 1713 Mi·
1269 1732 1272 1737 ι

116 1729 306 1791 thridaticnm
339 1731 404 1815 lege
438 1734 555 1794 Manilia
583 1739 669 1809 688,
706 1732 737 1792 in
765 1752 825 1813 qno
852 1733 958 1792 victor.
974 1732 1190 1818 Hierosolymis
1214 1770 1216 1775 ·

117 1812 210 1909 captis
240 1813 312 1872 nihil
336 1836 372 1875 ex
393 1814 453 1876 alto
478 1815 547 1878 lanu
567 1814 672 1898 attigit.
714 1813 894 1896 Compositis
927 1815 1014 1877 Asiae
1029 1814 1130 1877 ¹rebus
1160 1826 1190 1876 et

117 1894 288 1955 Mithridate
310 1896 425 1958 devicta
446 1903 514 1958 693.
541 1895 685 1978 triplicem
714 1895 776 1979 egit
801 1895 890 1963 trium
912 1896 982 1956 hum
1011 1897 1048 1957 dc
1076 1896 1190 1979 piratis,

118 1977 190 2036 Asia
218 1988 248 2038 et
274 1979 382 2039 Panto.
422 1979 574 2041 Triumvir
598 1978 692 2058 iactus
721 1989 767 2039 est
795 2000 861 2059 cnm
889 1918 922 2040 C.
944 1978 996 2037 lul.
1017 1977 1140 2040 Caesare
1161 1991 1198 2041 ct
1252 1995 1255 2010 ¹

118 2059 161 2119 M.
180 2058 272 2119 Licin.
295 2058 402 2120 Crasso
424 2064 492 2123 694.
531 2065 563 2122 lu
585 2059 886 2122 secuudo'cansnlatn
909 2066 977 2120 699.
997 2061 1200 2142 exquisitissi-‚

117 2139 174 2200 m'is
195 2140 545 2224 magnificentissimisque
570 2141 665 2204 omnis
693 2144 809 2225 generis
832 2141 908 2202 ludis
936 2141 1082 2204 theatrum
1109 2143 1193 2204 dedi·
1286 2194 1291 2205 .

118 2222 197 2284 cavit
214 2235 245 2283 et
264 2223 357 2321 legem
377 2225 551 2296 iudiciariam
566 2223 782 2308 promulgavit,
803 2237 836 2283 ut
851 2224 1027 2306 amplissimo
1048 2247 1083 2286 ex
1101 2248 1194 2287 censu

117 2324 156 2364 ex
176 2303 425 2368 centurirssaliter
451 2331 534 2387 quam
548 2320 646 2368 antea
675 2306 743 2367 lecti
770 2306 880 2366 iudices
908 2327 999 2387 aeque
1027 2319 1123 2367 tamen
1155 2311 1192 2368 ex

116 2385 177 2446 illis
214 2386 309 2449 tribus
338 2390 490 2450 ordinibus
527 2391 662 2471 (senatu,
701 2386 867 2468 equitibus,
904 2386 1031 2459 tribunis
1058 2384 1207 2471 aerariis)¹

97 2488 168 2528 -res
186 2467 362 2531 iudicarent.
397 2474 430 2531 lu
450 2472 540 2531 tertio
566 2468 720 2531 consulatu
742 2475 809 2529 702.
837 2467 906 2526 tulit
929 2467 1009 2550 leges
1037 2469 1074 2529 de
1101 2469 1132 2529 vi
1162 2481 1196 2542 et,

119 2549 230 2610 ambitu
252 2562 283 2611 et
303 2552 421 2612 modum
442 2552 556 2614 dicendi
578 2552 609 2611 iu
629 2549 744 2611 iudiciis
769 2549 904 2609 astrinxit
922 2548 1120 2631 imposuitque
1140 2572 1194 2611 ve·
1216 2556 1221 2562 ’

93 2622 166 2708 ,lut
192 2631 374 2712 eloquentiae
400 2634 502 2695 frenos
522 2636 570 2694 vd.
591 2630 665 2693 Dial.
687 2637 736 2691 38.
777 2631 862 2691 Bello
883 2629 962 2690 civili
982 2653 1048 2692 cnm
1069 2631 1200 2693 Caesare-
1239 2688 1241 2693 .

119 2726 227 2783 exarte
249 2721 316 2775 705.
344 2715 374 2776 in
399 2717 514 2798 proelio
541 2716 576 2776 ad
604 2713 773 2776 Pharsalum
793 2718 861 2773 706.
888 2713 1020 2773 devictus
1040 2713 1070 2780 in
1090 2715 1193 2797 Aegr-

118 2807 202 2878 ptum
221 2796 354 2881 aufugit,
375 2798 426 2859 nbi
447 2799 481 2859 ab
503 2797 617 2858 Achilla
634 2808 664 2857 et
684 2794 828 2877 Septimio
850 2816 905 2875 per
930 2795 1049 2856 iusidias
1069 2775 1166 2857 interl
1177 2834 1193 2846 ·

120 2884 187 2939 ctn's
207 2890 260 2939 est.
301 2881 329 2939 Α
349 2880 431 2940 nullu
452 2881 596 2963 scriptore
615 2881 750 2940 Romana
770 2875 928 2936 maioribus
948 2877 1081 2938 laudibus
1100 2878 1194 2941 elatus
1288 2906 1291 2911 ·

120 2972 168 3020 est
188 2981 271 3039 quam
289 2982 305 3022 a
326 2961 488 3038 Cicerone,
510 2961 713 3044 praecipueiu
735 2979 780 3020 ar.
796 2958 833 3018 dc
853 2959 976 3040 imperio
997 2961 1116 3042 Pomp,
1141 2959 1194 3043 qui

119 3039 341 3104 familiarissime
362 3065 403 3106 eo.
427 3069 499 3106 usus
518 3045 590 3106 iuris
613 3041 741 3125 publici,
770 3040 861 3101 moris
881 3041 1043 3116 maiorum,
1071 3042 1115 3117 rei
1137 3065 1195 3123 pu-

79 3122 83 3127 ’
120 3121 213 3184 blicae
240 3125 466 3206 peritissimum,
501 3127 667 3210 integrum,
694 3135 823 3204 castum,
858 3143 975 3207 gravem
1001 3123 1098 3184 virum
1127 3145 1195 3185 eum

121 3204 285 3286 appellavit.
334 3210 390 3269 Vd.
419 3209 572 3270 Onomast.
601 3206 679 3268 Tull.
706 3209 738 3266 P.
766 3208 807 3266 11.’
828 3227 856 3285 p.
884 3207 944 3266 469
969 3224 1012 3286 sq.
1047 3204 1220 3269 Plutarch.'

121 3288 184 3346 Vit.
209 3288 312 3371 Pomp.
340 3291 504 3352 Scblosser.
532 3288 748 3367 universalhist.
777 3285 954 3347 Uebersicht
973 3299 1029 3347 etc.
1057 3289 1092 3347 11.
1111 3295 1140 3348 2.
1166 3309 1195 3370 p.

121 3375 184 3431 3811
200 3391 243 3450 sq.
284 3371 460 3455 Eloquentia
488 3393 549 3433 uun
568 3371 692 3432 multum
711 3368 820 3444 viluit,
852 3368 903 3429 sed
925 3368 1093 3447 orationes,
1123 3391 1195 3451 quas
1272 3409 1276 3417 =

120 3449 269 3513 interdum
285 3453 396 3531 habuit,
416 3468 466 3515 ant
480 3455 585 3516 Cicero
605 3464 655 3514 aut
675 3451 789 3512 Sestius
811 3449 838 3510 ei
857 3449 1080 3533 conscripserat.
1115 3453 1196 3513 Raro

122 3553 238 3595 caussas
261 3535 356 3618 egisse
384 3537 502 3599 videtur
519 3558 549 3597 v.
568 3535 714 3596 Plutarch.
737 3536 839 3612 Pomp.
859 3552 904 3674 cp.
924 3538 992 3596 23.:
1025 3544 1060 3592 ut
1086 3553 1142 3613 pro
1161 3534 1197 3593 L.
1241 3612 1243 3617 Α

121 3614 249 3689 Libone,
265 3631 366 3678 contra
394 3620 530 3680 Helvium
557 3617 698 3682 Marcium
718 3620 788 3676 693.
811 3616 846 3672 U.
898 3657 905 3671 .
933 3613 1030 3674 Valer.
1049 3615 1124 3674 Max.
1144 3615 1197 3689 Vl,
1294 3654 1297 3659 >

121 3702 220 3774 2,tt.;
250 3721 315 3760 cum
343 3698 487 3763 Cicerone
513 3720 569 3783 pro
596 3699 697 3759 Balbo.
738 3695 784 3757 Cs.
812 3693 874 3756 Cic.
902 3696 986 3755 Brut.
1011 3701 1061 3771 68,
1080 3701 1149 3756 239.
1169 3716 1198 3757 c.

121 3792 223 3841 anum.
243 3783 357 3867 Meyer.
405 3786 490 3846 Maus
517 3792 616 3844 autem
643 3780 774 3862 aequalis
803 3777 854 3837 Cu.
880 3776 1054 3858 Pompeius,
1082 3781 1126 3837 eir
1155 3777 1200 3840 ad

117 3860 222 3923 'amaria
241 3886 357 3925 summa
379 3876 477 3944 uatus,
498 3868 640 3926 maiorem
662 3860 776 3921 dicendi
792 3859 920 3935 gloriam
941 3860 1111 3937 habur'sset,
1142 3862 1200 3923 nist

122 3965 191 4005 auur
212 3951 335 4008 materis
352 3950 467 4024 gloriae
494 3945 641 4029 cupiditas
660 3944 703 4004 ad
723 3943 844 4002 bellicas
863 3940 966 4001 landas
993 3942 1199 4002 abstraarhset.
1289 3969 1308 4002 ·,

123 4025 204 4087 Erat
225 4034 358 4089 aratione
377 4029 601 4110 satiramplus,
624 4047 687 4086 ram
707 4024 868 4107 prudenter
887 4023 1014 4101 videbat,
1035 4027 1114 4084 aatin
1133 4044 1198 4084 cera
1299 4061 1302 4067 ,

122 4113 188 4170 aias
211 4112 339 4172 trahebat
359 4123 388 4172 at
407 4116 438 4173 iu
467 4131 534 4177 unae
554 4131 692 4184 maguum
713 4107 894 4190 splendorem
916 4116 946 4165 et
966 4109 996 4166 in
1016 4116 1097 4166 mata
1118 4128 1199 4167 sum·
1266 4120 1268 4124 '

112 4198 204 4284 'maur
224 4193 406 4271 digamum.
448 4195 522 4279 Epp.
543 4193 580 4256 ad
605 4190 694 4254 Attic.
714 4191 780 4269 Vll,
799 4193 847 4252 17.
877 4208 921 4249 or.
951 4189 986 4250 de
1008 4187 1199 4273 impPomp.
