2634 4656
119 249 164 309 32
451 243 609 326 Dialogus
632 246 671 305 cle
694 242 877 306 Oratoribus

119 397 258 474 alienius
285 397 584 487 administrationi,
620 399 681 472 sed
703 398 770 473 sibi
799 399 864 499 ipsi
891 397 989 472 dari?
1018 395 1095 470 illos
1121 396 1226 497 quin,

118 499 220 571 immo
246 497 349 570 orbos
375 514 406 569 et
429 495 609 596 locupletes
635 516 667 571 et
690 515 842 598 potentes
866 499 979 572 venire
1002 495 1202 597 plerumque

119 598 164 671 ad
194 598 344 669 iuvenem
380 613 412 669 et
445 624 644 696 pauperem,
680 614 716 670 ut
750 614 805 670 aut
834 624 894 669 sua
928 613 984 669 aut
1018 595 1202 669 anticorum

119 697 311 769 disirimina
334 694 574 791 cornntendent.
626 697 745 769 Ullane
773 712 863 789 tanto
888 695 1077 791 ingentium
1099 720 1214 794 oputtt·

119 824 157 869 ae
188 823 329 894 prognae
362 794 529 895 potentiae
555 795 706 896 voluptas
738 822 839 895 quarn
872 811 1026 894 spectare
1047 792 1204 865 homiues·

119 976 233 1045 raptare
253 962 417 1023 studebant.
467 960 649 1022 Colobantnr
677 963 708 1023 hi
738 962 804 1023 orbi
833 961 968 1022 homines
999 960 1035 1023 ab
1064 960 1200 1022 omuibus

118 1045 312 1105 hereditatum
348 1044 565 1125 captatoribus‚'
603 1046 646 1104 via
678 1046 713 1104 ad
742 1047 894 1105 commoda
922 1042 1115 1124 honoresque
1142 1042 1198 1103 iliis

117 1116 234 1265 patebat
256 1117 286 1184 iet
308 1147 381 1204 quae
413 1125 466 1184 alia
494 1137 576 1184 erant
596 1125 730 1186 orbitatis
751 1127 884 1206 praemia.
927 1125 972 1187 Cf.
993 1126 1094 1185 Eeltst.
1113 1124 1149 1185 ad
1168 1112 1199 1185 Ιι.

131 1253 138 1265 .
160 1209 246 1267 Hess.
269 1207 303 1265 ad
324 1208 391 1267 Tae.
415 1209 516 1266 Germ.
532 1215 579 1265 20.
602 1213 680 1266 Anu.
702 1210 779 1283 ΧΙΙΙ,
801 1211 849 1267 42.
871 1214 920 1267 52.
942 1210 1008 1280 XV,
1024 1212 1073 1267 19.
1097 1208 1199 1267 Horat.

43 1332 48 1336 -
119 1290 179 1348 Sat.
202 1291 238 1361 ΙΙ,
259 1294 287 1347 5.
314 1288 387 1369 ibiq.
417 1287 570 1347 Heindorf.
599 1290 692 1368 Epist.
713 1291 735 1362 Ι,
759 1295 786 1362 1,
809 1295 855 1348 78.
887 1289 956 1385 ibiq.
987 1288 1101 1350 Obbar.
1126 1286 1198 1355 Ptin.

121 1371 196 1452 Epp.
219 1372 254 1443 ΙΙ,
274 1376 323 1428 20.
345 1368 461 1429 Lucian.
482 1369 596 1451 Dialog.
617 1372 706 1428 Mort.
727 1373 763 1428 V.
784 1370 819 1429 de
841 1370 972 1430 Graecis.

202 1479 294 1540 neque
315 1436 407 1536 irffioii
432 1460 558 1517 alieuius
579 1455 845 1532 admim'stralioni,
872 1459 927 1517 sed
951 1460 1009 1518 sibi
1033 1462 1095 1538 ipsi
1121 1456 1198 1555 duri]

118 1539 272 1620 »Officium
295 1540 422 1614 diritur‚·
442 1541 522 1620 qnod
542 1541 588 1599 vel
603 1540 749 1615 honoris,
769 1541 815 1607 vel
836 1540 976 1601 amicitiae
989 1562 1095 1601 caussa
1114 1540 1199 1601 aliern

118 1621 249 1683 iacimus.
290 1621 367 1681 Plin.
388 1624 461 1704 Epp.
487 1625 507 1698 Ι,
530 1628 557 1680 5.
601 1623 731 1696 Regulus
759 1643 805 1681 me
834 1626 965 1681 convenit
984 1626 1015 1681 in
1041 1616 1199 1682 Praetoria

118 1703 240 1783 officio.
269 1704 376 1786 Paneg.
398 1710 445 1765 76.
466 1707 558 1784 ipsius
574 1705 691 1784 quidem
714 1701 842 1783 officium
864 1714 927 1763 tom
949 1704 1100 1777 modicum
1120 1714 1198 1765 tum-

117 1807 173 1867 que
193 1796 388 1865 temperatum
409 1785 460 1844 ubi
481 1808 509 1844 v.
528 1786 674 1845 Seltwarz.
695 1783 796 1845 Claud.
813 1792 840 1844 2.
862 1789 925 1862 sine
945 1787 1082 1846 sollemni
1100 1782 1196 1864 officio

116 1870 224 1927 lection
243 1872 273 1926 in
287 1868 465 1946 Capitolium
487 1869 566 1926 lotus
586 1877 637 1926 est.
676 1867 782 1941 Unde,
805 1866 854 2007 ‹ppi
875 1867 937 1927 eins
960 1867 1079 1950 generis
1102 1865 1197 1927 officia

118 1949 244 2009 multum
258 1948 379 2022 obeunt,
396 1947 521 2027 officiosi
529 1948 668 2008 dicuntur
679 1972 706 2009 v.
716 1947 807 2009 Casan
832 1991 838 2006 .
852 1948 971 2032 addug.
981 1954 1030 2008 53.
1042 1948 1196 2013 etErnest.

116 2030 152 2089 ad
174 2030 202 2088 h.
223 2027 259 2088 Ι.«
300 2029 418 2088 Ruhnk.
439 2029 538 2088 Schol.
562 2029 598 2088 nd
619 2031 741 2090 Sueton.
764 2028 848 2090 Caes.
875 2035 920 2090 15.
961 2030 1037 2089 Add.
1065 2029 1197 2091 eiusdem

116 2111 195 2171 Dict.
216 2111 252 2169 ad
274 2109 361 2170 Ovid.
383 2111 503 2169 Heroid.
529 2117 575 2184 18,
598 2116 645 2169 60.
679 2111 754 2169 Plin.
777 2112 850 2192 Epp.
874 2112 895 2187 Ι,
916 2117 943 2171 9.
971 2145 1006 2156 -
1029 2108 1131 2193 officio
1151 2122 1196 2171 to·

114 2213 174 2269 goe
202 2193 292 2250 virilis
312 2189 432 2268 interfui
458 2190 525 2271 ibiq.
548 2190 659 2272 Gierig.
683 2193 705 2265 Ι,
729 2197 774 2251 13.
817 2194 897 2255 Nom
919 2203 950 2252 ut
970 2197 1001 2251 in
1021 2196 1131 2254 ceteris
1149 2212 1197 2253 re-

117 2275 187 2348 bus,
209 2278 253 2333 ito
275 2275 306 2331 in
322 2273 463 2331 audiendi
482 2271 579 2353 officio
598 2277 677 2352 perit
691 2278 810 2347 gratia,
833 2279 861 2334 si
874 2284 1058 2353 reposcatur.
1089 2272 1196 2335 schut-

116 2355 198 2430 aius,
227 2354 375 2415 Eekstein.
405 2366 435 2414 et
461 2354 548 2415 Bach.
575 2354 745 2437 intelligunt
772 2356 808 2416 de
835 2356 1014 2417 muneribus.
1034 2388 1075 2402 -
1119 2356 1198 2416 llari

116 2436 134 2496 i.
157 2459 184 2517 q.
209 2437 350 2510 concedi,
380 2436 557 2514 condonari,
587 2436 653 2497 fieri
670 2435 791 2517 alicuius
813 2438 856 2497 rei
877 2436 924 2497 vel
946 2435 1075 2497 hominis
1094 2450 1195 2498 caum

115 2519 194 2578 Ana.
216 2521 238 2593 Ι,
261 2525 288 2578 7.
328 2519 433 2579 Dolet
460 2529 490 2578 et
507 2518 633 2598 samoe,
661 2528 694 2578 ut
721 2529 841 2578 vocotus
868 2521 1157 2599 electusquepotius
1175 2536 1197 2579 a

114 2622 149 2660 re
178 2602 299 2680 publiea
333 2603 479 2660 videretur
513 2622 601 2681 priam
636 2622 692 2679 per
720 2603 857 2659 uxorium
883 2601 1025 2660 ambitum
1054 2609 1085 2659 et
1112 2600 1201 2675 senili¹

114 2683 275 2762 adoptione
296 2684 454 2761 irrepsisse
469 2680 539 2760 ibiq.
557 2684 633 2761 Rnp.
651 2680 769 2740 laudans
788 2704 833 2742 vv.
849 2704 862 2741 s
877 2703 1016 2764 'nonyma
1027 2692 1197 2761 praestare,

117 2764 293 2835 eorrertlere,
315 2767 481 2839 remittere,
502 2763 632 2836 donare,
654 2762 837 2838 condonare,
861 2705 984 2838 largiri,
1012 2762 1132 2823 dedere.
1157 2764 1196 2839 ΙΙ,

115 2851 165 2904 53.
202 2844 282 2903 Hine
313 2854 426 2903 ventum
446 2844 581 2902 Athenas
592 2841 768 2925 foederique
791 2849 892 2904 sociae
915 2855 945 2903 et
965 2855 1097 2905 uetustae
1115 2844 1198 2905 'urbia
1222 2910 1225 2915 ,

115 2926 235 2998 dotum,
272 2934 305 2984 ut
340 2936 396 2984 uno
424 2926 528 2983 lictore
558 2936 697 2985 uteretur.
744 2926 890 2986 Boettich.
917 2928 987 2986 Lex.
1015 2928 1085 2987 Tae.
1106 2948 1146 2989 a..
1166 2947 1195 2989 r.

116 3006 235 3068 Ruhnk.
257 3007 291 3065 ad
312 3006 386 3066 Vell.
409 3007 470 3066 Pate
493 3008 527 3083 ΙΙ,
550 3012 578 3065 7.
1021 3054 1026 3064 .
1183 3052 1187 3059 .

198 3094 267 3151 illos
285 3095 352 3170 quin
372 3096 513 3151 immo-
538 3102 568 3151 et
585 3093 730 3171 potentes]
759 3092 857 3153 Verba
877 3105 906 3153 et
923 3104 1057 3174 potentes
1069 3116 1096 3156 a
1115 3094 1195 3179 Lipe.

45 3232 52 3238 .
114 3173 226 3235 eCorl.
249 3176 333 3233 Farn.
361 3173 534 3255 interposita
562 3186 738 3254 receperunt
764 3175 837 3234 Edd.
858 3198 932 3237 reec.
973 3179 1127 3255 Frequens
1151 3186 1197 3239 est

114 3254 290 3333 anastrophe
322 3255 562 3315 coniunctionum
600 3257 676 3335 apnd
705 3255 864 3336 scriptores
894 3269 1047 3338 argenteae
1081 3258 1195 3335 aetatis,

112 3336 265 3409 Tedium,
308 3337 542 3413 Quintilianum,
579 3336 653 3397 Ptin.
681 3337 784 3396 Maior.
812 3338 847 3397 al.
877 3339 992 3421 Dialog.
1014 3345 1063 3398 39.
1097 3344 1195 3420 ipsam

113 3421 294 3500 quinimmo
316 3439 427 3478 curum.
462 3422 562 3478 Germ.
588 3422 632 3478 14.
659 3422 778 3496 pigrum
799 3424 867 3497 quin
891 3425 990 3479 immo.
1021 3424 1123 3493 Germ.
1146 3429 1195 3483 30.

113 3500 225 3559 durant
251 3501 394 3577 siquidem
422 3503 510 3560 colles
538 3500 607 3580 ibiq.
635 3501 720 3560 Hess.
744 3501 858 3583 Dialog.
883 3508 929 3561 19.
957 3502 1030 3561 vidit
1058 3524 1196 3586 numque.

112 3580 158 3642 (ΙΙ.
183 3581 329 3641 Boettieh.
359 3583 428 3642 Lex.
457 3584 524 3662 Tae,
554 3605 582 3662 p.
607 3587 664 3641 120
687 3604 731 3662 sq.
775 3583 875 3642 Eiusd.
906 3582 1062 3643 eomntent.
1086 3585 1123 3647 de
1144 3585 1196 3647 vit.

112 3675 143 3723 et
165 3663 264 3743 script.
288 3665 355 3723 Tae.
375 3687 403 3745 p.
425 3669 473 3723 25.

195 3749 378 3829 discrimina]
413 3751 491 3809 Sunt
518 3768 620 3809 causae
649 3760 678 3807 et
707 3749 907 3809 accusationes
934 3752 1058 3831 periculi
1080 3753 1199 3834 plenaef

113 3840 147 3887 ut
175 3842 274 3888 annot.
304 3831 419 3891 Schulz'.
449 3830 563 3911 Dialog.
590 3835 635 3888 ΙΙ.
656 3831 703 3887 34.
728 3835 775 3888 37.
806 3833 910 3906 Quint.
931 3835 969 3905 Χ,
992 3839 1022 3910 5,
1047 3840 1095 3895 17.
1125 3854 1195 3896 nera

112 3909 292 3968 discrimino.
314 3915 363 3985 ΙΙΙ,
387 3921 416 3984 2,
437 3920 465 3971 2.
488 3916 517 3969 in
535 3913 691 3968 discrimen
712 3911 835 3991 aliquod
854 3919 963 3972 noeari.

194 4000 280 4048 tutata
298 3995 456 4064 ingentium
474 4012 560 4068 opum
577 4012 615 4050 ac
632 4011 758 4064 magnae
770 4000 921 4072 potentiae
935 3998 1069 4075 voluptas
1083 3996 1194 4082 quone]

114 4069 226 4128 Tantus
249 4102 283 4115 ···
306 4095 395 4152 quam
417 4094 503 4152 saepe
524 4072 632 4131 dicitur
651 4093 706 4153 pro
728 4084 828 4134 turtius
842 4113 879 4125 -
902 4088 1036 4156 petantur.
1072 4081 1193 4147 Terent.

111 4150 221 4236 Hesp-r.
245 4153 297 4229 lll,'
311 4155 343 4230 4,
365 4159 395 4214 3.
441 4154 511 4219 Non
533 4155 644 4215 Hercle
672 4156 780 4231 uerbis,
811 4157 963 4219 Parmeno
969 4156 990 4235 ,“
1009 4160 1072 4220 dici
1094 4172 1196 4241 potest
