2634 4656
1 344 2 347 η
114 296 136 356 2
437 288 596 370 Dialogus
617 288 656 349 de
676 284 862 349 Oratoribus

115 442 270 547 quentiae
302 439 420 514 orbata
457 441 512 514 vix
546 469 669 515 nomen
708 442 820 541 ipsum
858 438 1001 512 oratoris
1043 436 1190 511 retineat.

64 601 75 615 .
113 546 230 642 Neque
250 543 337 614 enim
352 543 398 613 ita
424 539 628 657 appellamus
648 541 713 613 nisi
739 541 912 639 antiquos:
936 538 1056 609 horum
1083 553 1192 609 autem

113 657 302 744 temporum
338 639 453 713 diserti
489 640 649 715 causidici
681 657 713 712 et
746 637 896 711 advocati
929 653 961 709 et
994 635 1130 736 patroni
1163 650 1193 709 et

113 811 204 873 Bekk.
226 811 279 888 al.‚
307 809 406 871 omiss.
432 808 463 869 in
487 805 580 870 Codd.
601 809 666 869 Par.
694 806 783 867 Vind.
809 818 881 867 vett.
907 806 980 866 Edd.
1002 804 1096 865 Orell.
1117 806 1191 885 Rop.

113 894 260 954 »Deserta
288 901 393 965 aetas,
421 902 456 951 ut
476 890 561 950 locus
582 910 598 948 a
617 888 717 970 paucis
745 888 860 962 cultus,
887 887 1060 968 comparatis
1083 886 1193 947 multo·

113 996 180 1035 rum
202 973 272 1034 olim
294 985 445 1032 oratorum
465 971 600 1054 ingeniis.
641 972 765 1030 Honore
785 970 856 1029 artis
884 969 1011 1043 amisso,
1028 967 1100 1042 ait,
1131 988 1192 1041 ces·

115 1053 307 1129 serentium,
335 1052 386 1133 qni
407 1064 498 1112 artem
518 1062 695 1126 tractarent,
718 1051 758 1110 ita
778 1060 812 1111 ut
832 1072 911 1110 nunc
930 1070 969 1110 ne
989 1049 1112 1110 artificis
1170 1046 1194 1111 i·

114 1137 180 1199 dem
201 1155 308 1194 nomen
330 1133 464 1193 relictum
488 1133 551 1193 sit«
584 1135 617 1191 t.
638 1133 674 1192 A.
696 1131 795 1192 Woll.
817 1131 939 1191 Miscell.
960 1155 989 1212 p.
1013 1136 1082 1192 159.
1164 1150 1194 1191 a·

114 1228 211 1277 sertus
234 1216 271 1275 de
298 1215 374 1298 agris
403 1214 521 1274 incultis
545 1213 602 1274 dici
628 1214 715 1274 docet
741 1212 928 1273 Doederlein.
948 1214 1010 1272 Lat.
1032 1213 1107 1295 Syn.
1128 1210 1194 1272 Vol.

115 1301 165 1359 tv,
185 1321 213 1378 p.
236 1303 306 1358 292.
335 1295 482 1356 Eekstein.
502 1295 638 1376 Prolegg.
661 1318 690 1375 p.
712 1302 759 1354 80.
782 1295 810 1352 h.
833 1293 851 1352 l.
879 1296 914 1353 ad
936 1294 966 1353 id
986 1314 1081 1376 genus
1103 1313 1196 1376 syno-

114 1400 274 1465 nymorum
290 1375 398 1452 relect,
420 1398 493 1457 quae
513 1376 548 1436 ad
562 1376 845 1455 unam-eandemque
860 1375 1013 1435 notionem
1028 1374 1195 1454 exprimen-

115 1462 180 1521 dam
203 1471 429 1534 coacervantur,
458 1470 494 1517 ut
512 1457 588 1517 inira
609 1461 752 1516 memoria
772 1471 800 1515 et
820 1457 1005 1529 recordatio,
1034 1477 1085 1536 cp.
1100 1463 1131 1516 2.
1152 1460 1196 1517 in-

113 1547 200 1619 genio
221 1552 250 1600 et
271 1544 299 1600 οἱ
316 1549 444 1599 naturae
465 1543 674 1621 potiusquam
697 1542 879 1598 institutione
900 1548 929 1596 et
949 1541 1065 1597 litteris.

197 1634 398 1719 appellamus]
439 1639 618 1718 appellemus
647 1634 740 1696 Codd.
769 1638 855 1697 Farn.
884 1636 994 1696 Vaticc.
1019 1636 1084 1695 Par.
1107 1632 1197 1711 Vind.

114 1718 189 1779 Edd.
210 1719 288 1800 Spir.
314 1717 427 1779 Dronk.
456 1717 544 1779 Baeh.
573 1719 757 1800 appellamus
784 1738 820 1778 ex
842 1718 954 1777 emend.
978 1714 1092 1777 Puteol.
1111 1713 1197 1797 reliq.

114 1801 189 1860 Edd.
211 1799 337 1859 Baebius
358 1801 395 1859 ad
415 1797 508 1860 Codd.
530 1798 596 1859 lect.
615 1800 752 1859 tuendam
771 1799 842 1859 haec
869 1798 1034 1858 annotavit:
1066 1797 1196 1858 »Senem

116 1894 163 1943 est
182 1882 279 1942 hicce:
301 1902 393 1963 neque
413 1886 489 1940 enim
510 1903 686 1963 quemquam
709 1885 754 1939 ita
774 1883 954 1961 appellemus
972 1883 1031 1939 nisi
1048 1882 1196 1960 antiquos,

116 1967 237 2023 etiamsi
254 1963 341 2022 hodie
363 1966 510 2021 exstiterit
525 1966 589 2043 quis
608 1963 658 2021 illa
680 1965 795 2021 nomine
817 1962 928 2037 dignus.
962 1961 1100 2041 Scriptor
1119 1959 1197 2023 enim

116 2044 248 2118 dubitat,
272 2065 308 2102 an
329 2065 381 2103 sua
400 2054 492 2103 aetate
513 2043 578 2122 quis
594 2042 686 2102 soleat
703 2043 841 2123 appellari
859 2056 976 2120 orator,
999 2064 1060 2102 non
1076 2042 1197 2103 definite

116 2139 205 2208 negat
230 2147 403 2207 quemquam
436 2124 476 2184 ita
503 2123 656 2205 appellari;
684 2125 844 2184 modestius
867 2125 959 2208 igitur
980 2124 1133 2204 loquitor,
1163 2134 1198 2185 ut

137 2207 204 2266 aulo
231 2218 316 2266 ante:
347 2210 395 2266 eia
422 2227 527 2265 nomen
546 2210 641 2287 ipsum
669 2210 798 2266 oraturis
818 2212 962 2280 retineat,
993 2207 1073 2287 quod
1101 2204 1198 2267 multo

116 2230 225 2347 lortius
253 2286 293 2346 ita
321 2288 517 2368 expresseris:
546 2309 582 2346 ne
609 2308 714 2346 numen
742 2289 858 2370 quidem
888 2291 1017 2348 oratoris
1043 2292 1198 2349 retineat*

117 2369 199 2431 Bene
213 2368 311 2429 Eckst.
334 2369 365 2428 in
381 2369 435 2428 Ed.
449 2368 599 2428 Walther.
621 2368 750 2429 defendit
769 2373 970 2450 appellamus:
990 2380 1084 2429 macte
1105 2388 1198 2452 quaa-

118 2454 178 2526 ris‚
208 2471 262 2509 cur
281 2462 357 2509 aetas
379 2462 480 2510 nostra
503 2449 552 2510 vix
574 2473 678 2510 namen
697 2455 790 2532 ipsum
813 2456 942 2511 oratoris
962 2451 1105 2528 retineat,
1130 2470 1199 2513 nan

118 2543 252 2593 oratores
273 2531 410 2613 appellari
430 2552 491 2592 non
512 2531 609 2593 solent
629 2532 686 2592 nisi
705 2531 843 2612 antiqui«
1093 2538 1096 2543 '
1163 2530 1167 2535 ’

117 2698 120 2703 Ι
200 2628 355 2711 antiquas]
378 2628 441 2703 Qui
460 2630 519 2688 sint
540 2633 657 2710 antiqui
675 2631 721 2690 vd.
742 2652 786 2712 cp.
809 2636 856 2690 19.

201 2725 320 2806 diserti]
349 2727 395 2785 De
422 2747 480 2784 osu
504 2725 715 2786 adieetivorum
734 2748 790 2808 pro
817 2727 1009 2789 substantivis
1028 2727 1198 2810 postcomm

119 2808 169 2868 vd.
190 2811 305 2886 Zumpt.
327 2807 380 2864 Gr.
404 2805 432 2886 ξ
456 2812 525 2867 363.
547 2819 608 2867 not.
635 2809 811 2868 Ramshorn.
838 2811 893 2870 Gr.
920 2810 948 2892 ξ.
971 2816 1041 2884 152,
1069 2816 1118 2887 3.,
1145 2810 1198 2892 qui

118 2889 199 2969 apud
219 2889 379 2968 scriptores
395 2900 553 2969 ,argenteae
572 2889 673 2948 aetatis
701 2889 786 2950 latius
807 2892 936 2971 patebat:
964 2891 1079 2974 Dialog.
1100 2913 1146 2973 ep.
1168 2898 1197 2953 6.

119 2972 252 3030 meantes
267 3004 304 3017 ·-
320 2973 466 3049 imperiti,
487 2991 531 3050 cp.
552 2976 581 3029 7.
607 2975 751 3045 negotiosi
769 2983 798 3031 et
819 2974 1047 3047 adminiculi,
1077 2995 1123 3054 cp.
1147 2978 1197 3033 to.

122 3055 239 3131 antiqui
246 3076 255 3122 3
277 3049 403 3125 Quintil.
423 3053 475 3126 Vl,
496 3058 527 3126 2,
548 3057 575 3111 3.
599 3052 718 3124 diserti,
737 3055 760 3125 1,
783 3060 813 3128 6,
827 3056 876 3113 45.
899 3058 1029 3134 imperiti
1046 3054 1094 3113 vd.
1113 3056 1198 3115 Bom-

122 3132 190 3192 oell.
210 3133 280 3191 Lex.
302 3130 406 3206 Quint.
426 3153 449 3190 s.
472 3131 521 3191 hh.
541 3155 588 3192 vv.
636 3135 683 3193 De
702 3134 868 3195 dilierentia
886 3135 1037 3194 adiectivv.
1058 3136 1196 3214 disertus,

114 3214 286 3294 socundus,
316 3215 453 3293 eloquens
471 3214 518 3273 vd.
539 3208 678 3275 Doederl.
698 3216 760 3274 Lat.
782 3218 855 3300 Syn.
876 3216 942 3276 vot.
964 3219 1013 3276 lv,
1030 3240 1059 3298 p.
1083 3220 1122 3278 tt
1140 3240 1197 3299 sq,

98 3309 142 3355 ‘a
160 3315 221 3375 quo
242 3294 370 3354 citantur
390 3291 450 3354 Cic.
473 3295 555 3355 Orat
577 3302 607 3370 5,
629 3302 676 3356 18.
704 3298 740 3357 de
761 3298 880 3357 Orator.
904 3301 926 3371 Ι,
948 3302 1000 3371 21,
1022 3301 1071 3359 94.
1119 3298 1198 3359 Eum

123 3377 290 3435 statuebam
313 3375 518 3450 disertum,
545 3382 597 3458 qui
619 3389 719 3460 posset
744 3384 820 3438 satis
846 3390 933 3438 acute
959 3390 1049 3460 atque
1070 3380 1199 3440 dilucide

124 3457 208 3538 apud
226 3456 390 3516 mediocres
408 3458 540 3517 homines
560 3481 598 3518 ex
619 3465 767 3519 communi
779 3461 910 3542 quadam
926 3465 1060 3539 opinione
1080 3462 1198 3521 dicere:

125 3540 373 3620 eloquentem
395 3559 480 3613 vero,
510 3544 563 3620 qui
586 3542 751 3601 mirabilius
776 3553 807 3601 et
833 3541 1066 3620 rnagnficentius
1087 3562 1199 3618 augere

122 3631 223 3701 posset
249 3631 338 3700 atque
373 3640 481 3679 ornare
508 3642 584 3701 quae
612 3624 713 3698 uellet,
749 3644 903 3704 omnesque
929 3627 1057 3683 omnium
1085 3630 1198 3701 rerum',

52 3716 59 3731 ³
126 3722 204 3783 quae
223 3701 267 3760 ad
285 3701 438 3760 dicendum
458 3707 647 3782 pertinerent,
660 3701 763 3782 sontes
784 3708 884 3763 animo
905 3725 943 3764 ae
962 3710 1108 3765 memoria
1127 3726 1199 3765 con-

126 3786 240 3842 tineret.
272 3782 398 3857 Quintil.
425 3784 561 3844 Prooem.
591 3787 664 3843 Vlll.
713 3786 780 3844 Hoc
806 3797 902 3846 mmen
936 3786 1092 3846 discrimen
1119 3786 1200 3867 ipter

126 3863 182 3922 adi.
202 3865 329 3923 disertus
348 3876 378 3923 et
396 3866 532 3944 eloquens
545 3886 607 3924 non
622 3885 738 3946 semper
751 3866 943 3940 observatur,
964 3869 1016 3928 sed
1030 3867 1199 3948 promiscue

126 3956 308 4025 usurpantur
326 3945 374 4004 vd.
394 3943 455 4004 Cic.
477 3947 513 4004 de
530 3945 613 4005 Orat.
635 3948 661 4020 1,
680 3952 710 4022 9,
732 3953 780 4007 36.
803 3949 986 4026 Quinttttt,
1005 3954 1034 4025 1,
1051 3955 1100 4010 33.
1120 3951 1199 4010 Fon·

127 4025 190 4085 cell.
210 4027 280 4084 Lex.
302 4048 324 4084 s.
344 4047 371 4083 v.
394 4026 529 4084 disertus.

210 4103 371 4186 causidici]
392 4104 563 4166 Causidicus
584 4106 610 4167 is
631 4119 691 4183 est,
714 4109 766 4188 qui
785 4131 900 4171 causam
912 4111 1061 4172 sorensem
1077 4111 1138 4196 agit
1149 4111 1197 4174 vd

127 4183 190 4249 cic.
219 4187 302 4249 Orat.
331 4191 361 4265 9,
389 4193 439 4249 30.
477 4187 635 4272 Numqui
660 4191 782 4274 Lysiam
807 4203 984 4275 sequuntur,
1013 4196 1198 4256 mustdieum
