2634 4656
703 43 707 51 ’
812 39 820 73 l

141 298 146 313 .
189 258 232 318 to
521 242 679 337 Dialogus
698 254 736 315 sle
759 252 942 317 Oratoribus

136 460 139 465 -
188 407 243 480 illa
259 404 360 481 casta
384 423 417 480 ct
441 405 541 480 nullis
570 400 720 487 contacta
750 405 839 477 vitiis
869 420 1005 505 pectora
1028 405 1183 491 inllnxit;
1219 405 1267 477 sie

188 506 323 580 oracula
353 505 589 605 loquebanturj
644 506 731 579 Num
762 503 913 577 lucrosae
946 504 1111 593 huius-et,
1128 502 1267 600 sangni-

187 607 297 678 nantis
323 605 529 704 eloquentiae
551 630 633 677 usos
653 616 828 676 recens—ct
852 630 891 675 cx
908 602 1004 675 malis
1028 602 1181 675 moribus
1207 628 1267 675 na·

187 719 261 795 tus,
289 723 388 805 atque
413 720 451 777 ut
473 722 510 777 tu
531 703 667 776 dicebas
688 703 799 801 Aper,
825 701 861 772 in
886 700 995 775 locum
1021 700 1265 803 teliurepcrtns

188 874 413 948 commendata,
435 872 642 946 commodata,
666 879 831 945 commota,
855 879 953 929 comta
973 869 1166 930 coniecerunt
1180 868 1265 945 Ett,

100 1009 103 1016 .
186 966 234 1015 cst
253 954 440 1034 eloquentia,
468 974 541 1033 quac
567 974 638 1013 vere
665 952 819 1012 hominum
839 952 999 1010 cessamodis
1016 951 1172 1025 inservit,
1194 969 1267 1033 pru-¹

188 1036 283 1115 spicit.
304 1036 367 1094 Liv.
388 1037 526 1108 XXXlV,
550 1041 578 1094 3.
604 1034 697 1094 Atetta
717 1036 766 1093 lea
787 1036 862 1091 satis
885 1033 1040 1092 commacla
1059 1033 1194 1093 omnibus
1214 1040 1266 1091 est.

185 1116 270 1198 Virg.
292 1117 404 1256 Georq.
429 1119 480 1190 tv,
503 1120 570 1175 129.
610 1115 674 1176 Nee
691 1118 795 1197 pecori
819 1124 984 1195 opportuna
1004 1112 1092 1189 scies
1110 1134 1165 1172 nee
1186 1132 1277 1201 com-¹

187 1199 277 1258 moda
296 1199 379 1257 Base
402 1218 427 1256 o.
464 1196 591 1257 Freund.
618 1197 687 1257 Lex.
715 1197 777 1256 Lat
805 1195 961 1255 commoda
982 1195 1020 1278 (s.
1042 1193 1087 1277 v.)
1112 1190 1266 1279 perplura

76 1298 79 1305 ·
183 1278 276 1339 relect
296 1280 332 1338 ad
347 1278 524 1360 primordia.
929 1328 935 1339 ,

263 1364 292 1428 el
311 1371 397 1429 nullis
419 1379 554 1430 contacta
574 1372 651 1428 uitiis
668 1369 804 1448 pectora]
832 1368 932 1427 Germ.
950 1371 996 1426 10.
1017 1354 1117 1447 (eqni)
1144 1366 1268 1425 candidi

186 1461 216 1512 et
235 1453 313 1510 nuella
335 1448 503 1510 mortalium
526 1462 611 1531 opere
632 1454 766 1509 contacti.
787 1448 851 1508 Liv.
870 1451 920 1522 Vl,
938 1454 986 1508 26.
1008 1447 1085 1530 (dies
1107 1446 1265 1587 Alliensis?

187 1543 342 1593 contaetus
360 1534 507 1606 religione.
549 1534 596 1593 De
610 1531 697 1590 surm.
719 1541 748 1590 et
768 1532 864 1589 nullus
883 1529 919 1589 cf.
935 1530 1028 1588 Hand.
1049 1528 1179 1589 Tursell.
1196 1533 1265 1588 Vo.

185 1615 220 1673 ll.
249 1636 278 1694 p.
300 1617 369 1673 497.
418 1613 574 1694 »Negativa
602 1612 746 1672 sententia
773 1610 903 1671 nectitur
927 1610 1072 1670 uocabulo
1100 1631 1164 1673 nee.
1205 1610 1266 1671 Set

184 1694 237 1754 ubi
258 1694 408 1775 oppositio
424 1696 458 1754 fit
478 1707 567 1767 recta,
589 1706 619 1754 et
637 1694 689 1753 ubi
703 1692 818 1774 negatio
836 1713 895 1751 non
910 1693 946 1750 acl
967 1703 1058 1751 totam
1076 1691 1264 1767 sententiam,

184 1775 243 1835 lsoc
265 1788 328 1850 est,
353 1796 414 1834 non
435 1777 470 1854 acl
484 1775 722 1835 indiciisormam·
735 1773 880 1871 pertinet,
902 1773 955 1833 sed
976 1773 1011 1832 ad
1030 1794 1118 1832 unam
1139 1773 1264 1852 aliquam

184 1857 357 1931 notionem,
385 1856 510 1936 ideoque
531 1857 687 1938 singularis
714 1878 759 1916 ves
785 1853 949 1935 imponitur
970 1854 1137 1936 negationi,
1168 1853 1265 1913 Latini

184 1939 286 2019 dicunt
306 1949 335 1998 et
354 1960 419 1997 nun.
440 1972 480 1985 -·
522 1938 620 2017 Atque
645 1938 747 1997 euclem
770 1937 860 1996 modo
882 1935 1021 1995 dicuutur
1041 1946 1069 1994 et
1090 1937 1205 2011 nullus,
1235 1945 1265 1995 et

184 2040 285 2090 nemu,
317 2031 345 2079 et
365 2040 550 2105 numqqam.«
589 2021 689 2077 Germ.
711 2026 760 2078 20.
789 2028 819 2077 et
836 2019 945 2077 nullum
967 2022 1186 2078 testamentum.¹
1212 2022 1263 2078 28.

184 2111 214 2161 et
232 2102 313 2159 nulla
333 2121 489 2175 regnorum
506 2103 640 2181 potentia
660 2100 798 2159 diuersas.

252 2196 296 2252 sio
309 2192 434 2250 oracula
447 2191 648 2273 loquebantur]
669 2187 795 2249 Constat
806 2201 948 2329 responsa
963 2168 1166 2273 oraculorum²
1181 2198 1283 2251 max?

183 2272 241 2332 ime
268 2272 421 2352 Delphici,
452 2293 525 2351 quae
551 2270 614 2331 sive
641 2291 710 2330 vera
740 2271 802 2330 siue
827 2270 897 2345 iasa
918 2271 1040 2351 plurima
1068 2283 1265 2350 seruauerunt

185 2354 356 2413 Herodotus
379 2355 428 2433 (nt
448 2355 470 2428 l,
491 2356 540 2413 47.
564 2357 612 2411 55.
628 2358 682 2420 52.
703 2351 765 2432 al),
795 2353 949 2412 Pausanias
970 2351 1020 2434 (ut
1040 2356 1119 2428 Vlll,
1142 2359 1171 2413 9.
1195 2352 1263 2436 42.)

183 2434 290 2516 aliique
312 2434 471 2515 scriptores
495 2433 619 2507 Graeci,
646 2433 818 2515 plerumque
837 2433 971 2493 versibus
993 2433 1168 2495 hexametris
1189 2455 1263 2495 con-

184 2529 266 2596 cepta
282 2515 383 2575 inisse.
412 2514 459 2581 Cf.
476 2515 643 2576 Groddeck.
661 2515 725 2575 lnit.
743 2516 847 2574 histor.
863 2517 967 2575 Gracc.
986 2515 1027 2574 tit.
1041 2516 1073 2574 P.
1083 2517 1105 2574 l.
1126 2538 1156 2597 p.
1167 2520 1204 2575 13
1215 2538 1262 2599 sq.

184 2597 395 2658 Waehsmuth.
416 2596 530 2656 Hellen.
550 2595 762 2657 Altcrtlunmsls.
784 2595 850 2654 Vol.
873 2598 910 2655 ll.-
926 2597 958 2655 P.
980 2598 1013 2655 ll.
1034 2617 1063 2675 p.
1085 2602 1146 2656 260
1167 2618 1211 2679 sq,
1232 2608 1265 2659 et

182 2684 243 2740 506
265 2700 309 2757 sq.
353 2677 464 2737 Goette
484 2678 532 2737 das
554 2677 733 2757 Delplaische
755 2676 864 2738 Orakel
887 2688 940 2737 etc.
963 2699 992 2757 p.
1012 2682 1070 2736 117
1090 2698 1134 2756 sq.

264 2758 345 2818 Nam
365 2759 501 2816 lucrosae
521 2758 606 2816 huius
633 2767 662 2816 et
686 2762 891 2838 sanguinantis
909 2760 1090 2840 eloquentiae
1117 2780 1188 2818 usus·
1212 2778 1264 2819 tu-

183 2859 251 2898 cens
271 2848 299 2897 at
321 2857 359 2898 aa
374 2838 461 2895 malis
476 2838 605 2896 moribus
619 2841 717 2916 natus]
736 2840 923 2913 Sanguinare
943 2838 1111 2919 (maiorue)
1132 2839 1263 2920 primum

79 2988 82 2993 .
182 2918 327 3000 significat
354 2917 526 2999 sanguinem
544 2918 702 2992 remittere,
741 2919 883 3002 sanguine
911 2942 1026 2999 manare
1053 2921 1100 2980 vd.
1132 2920 1290 2995 Quintil(

181 2997 264 3063 Dect.
287 3001 325 3075 X,
356 3004 403 3059 ts.
432 3003 643 3074 sanguinantes
668 3001 738 3061 uidit
765 3004 905 3071 lacertos;
936 3002 1040 3062 deinde
1065 3002 1262 3084 sanguineum

182 3081 313 3145 colorem
346 3101 416 3162 prae
451 3101 483 3141 ss
518 3082 604 3141 serre.
638 3081 685 3141 vd.
715 3082 823 3163 Appul.
850 3084 966 3142 Metam.
994 3087 1029 3142 V.
1061 3105 1089 3163 p.
1113 3089 1182 3143 160.
1210 3091 1262 3147 20.

180 3162 315 3227 Elmenh.
338 3167 495 3223 immanem
522 3164 687 3236 colubrum,
715 3163 894 3223 multimodis
921 3166 1110 3223 uoluminibus
1139 3186 1262 3247 serpen·

180 3255 259 3317 tem,
282 3264 386 3305 terreno
402 3248 492 3304 nuaio
511 3245 589 3302 oolla
604 3249 837 3319 sanguinantem.
879 3244 938 3304 Sed
960 3245 988 3304 h.
1013 3245 1031 3304 l.
1051 3266 1105 3326 per
1127 3247 1260 3308 translat.

130 3356 134 3362 ·
180 3329 360 3398 sanguinans
381 3323 399 3385 i.
421 3347 448 3404 q.
469 3324 690 3405 sanguinarius:
722 3325 796 3384 Plio
818 3325 892 3406 Epp.
913 3327 964 3400 lV,
986 3333 1035 3387 22.
1063 3332 1262 3404 sanguinaria

178 3408 341 3478 sententia,
372 3399 446 3466 Plio.
470 3407 511 3465 Ἠ.
537 3405 574 3466 Ν.
597 3408 677 3480 ΧΙΧ,
700 3412 729 3480 8,
752 3411 800 3466 53.
830 3411 1053 3480 sanguinarium
1079 3429 1261 3491 respersum.

179 3487 236 3548 Est
256 3485 348 3568 igitur
367 3486 486 3545 lucrosa
507 3495 536 3544 et
554 3491 735 3562 sanguinum
755 3489 919 3570 eloquentia
940 3500 1115 3568 quaestuosa
1135 3490 1261 3571 aliisque

179 3567 320 3642 exitiosa,
349 3565 441 3645 qualis
466 3577 512 3626 est
541 3567 722 3644 delatorum,
751 3590 877 3649 qnorum
903 3569 1021 3630 avaritia
1043 3581 1074 3630 et
1100 3572 1260 3635 crudelitas

179 3659 318 3715 notatur,
347 3647 427 3727 quod
447 3646 679 3709 accusationibus
701 3661 737 3712 et.
750 3648 888 3731 pecunias
910 3649 1086 3746 colligebant
1105 3663 1136 3712 et
1156 3653 1259 3715 multis

179 3728 348 3791 hominibus
377 3728 537 3809 perniciem
570 3729 738 3790 asscrebant.
787 3731 835 3790 Ad
861 3743 1034 3790 sententram
1064 3731 1100 3791 cf.
1130 3734 1258 3808 Quintil.

121 3880 127 3890 ·
178 3828 310 3891 prooem.
335 3814 380 3869 13.
425 3809 507 3871 Nam
536 3818 568 3867 ut
589 3814 719 3889 primum
739 3813 840 3885 lingua
868 3826 930 3870 esse
953 3815 1049 3892 coepit
1069 3817 1099 3871 in
1113 3818 1259 3895 quaestu,

178 3893 340 3949 institutum
363 3909 398 3950 ue
418 3892 598 3972 eloquentiae
626 3890 708 3949 bunis
736 3894 815 3952 male
835 3896 896 3968 uti,
924 3913 1027 3953 euram
1049 3915 1181 3970 morum,
1208 3900 1261 3981 qui

178 3969 283 4036 diserti
300 3913 501 4043 lcalebantur,
522 3971 707 4050 reliquerunt.

261 4053 292 4107 in
311 4051 406 4109 locum
427 4052 481 4108 teli
499 4053 641 4130 repertus]
662 4050 707 4113 Cf.
728 4061 828 4112 annot.
842 4054 878 4113 ad
892 4056 936 4138 cp¹
952 4058 980 4116 5.
1001 4055 1070 4119 Tac.
1085 4055 1257 4138 Annxvt,

114 4175 133 4218 ‘.
178 4136 228 4199 27.
249 4129 329 4218 quud
346 4131 420 4192 vetut
439 4131 529 4193 telum
552 4135 706 4217 arripuere
723 4145 919 4198 crematuras.
