2634 4656
202 297 266 357 tao
539 288 696 376 Dablague
716 292 756 354 de
777 290 960 355 Oratoribus

198 446 276 529 vini.
307 500 310 505 >
337 441 425 540 Quis
459 444 608 549 quinque
647 446 684 535 in
719 448 859 519 Verrem
902 444 1008 517 libros
1030 434 1277 559 exspectabit?

185 546 276 646 ·quis
302 545 346 619 de
369 545 561 646 exceptione
586 562 619 619 et
641 544 1011 646 lormuloperpetietnr
1031 541 1101 616 illa¹
1114 568 1275 616 emmeusn

197 717 328 781 iustitiae
361 696 434 773 suae
462 715 580 772 minime
606 716 697 773 timet.
728 715 780 788 Vl,
811 719 842 788 3,
873 719 921 774 76.
948 713 984 774 de
1013 690 1155 775 Curione.
1209 710 1275 772 Hae

193 819 288 872 genas
315 797 387 856 dicti
411 816 587 876 consequens
604 805 720 856 ,cocant
742 797 866 877 qnidam
893 805 982 877 atque
1008 797 1055 855 illi
1078 795 1195 868 simile,
1220 814 1274 875 quo

197 879 299 939 Cicero
330 878 487 951 Cumanam
516 897 631 956 semper
660 878 698 936 ab
735 880 929 955 exeusatione-
957 880 1068 943 aetatis
1092 878 1272 958 incipientem

82 1023 89 1031 ,
186 959 310 1040 faritius
328 959 434 1019 cotidie
452 960 633 1041 prooemium
653 959 762 1018 babere
783 959 876 1033 dixit,
896 960 965 1041 ‹piia
984 961 1045 1018 ista
1063 964 1177 1017 natura
1195 958 1275 1041 sequi

195 1044 226 1101 'et
243 1042 399 1102 cohaerere
416 1040 578 1099 uideantur.

277 1124 368 1182 libros
388 1119 583 1202 exspectabit]
613 1120 762 1181 Exhibeat
789 1122 968 1202 exspectabit
994 1116 1089 1181 Codd.
1114 1121 1204 1180 Fara.
1229 1117 1273 1202 (at

102 1247 104 1251 «
194 1207 378 1287 exspectavit
392 1223 538 1282 superscr.
557 1203 574 1261 b
592 1222 608 1281 e
624 1201 1059 1285 coll.Scbluttig.)Vaticc.Par.
1072 1200 1272 1284 EddBroter.

190 1292 225 1349 'et
252 1297 375 1346 recentt.
405 1288 572 1365 expectavit
600 1282 674 1344 cod.
703 1284 790 1343 Vind.
812 1283 866 1343 Ed.
892 1283 969 1345 Sir.
997 1287 1216 1365 exspectaverit
1236 1302 1272 1343 ex

187 1366 310 1428 emend.
330 1369 397 1427 Put.
417 1386 480 1444 sqq.
523 1365 610 1424 Libri
626 1364 645 1425 i.
667 1387 694 1444 q.
716 1364 864 1424 orationes
893 1307 941 1425 ud.
964 1375 1063 1425 annot.
1085 1366 1122 1427 ad
1142 1362 1219 1426 Dial.
1233 1370 1270 1433 ,3.

195 1448 380 1531 Exspectare
401 1446 509 1526 aliquid
531 1445 675 1528 significat
694 1449 752 1504 t'am
782 1446 832 1505 diu
852 1446 979 1522 morari,
1008 1449 1077 1506 dum
1099 1445 1271 1527 aliquidsa·

188 1541 273 1609 'mum
290 1528 337 1589 vel
356 1529 390 1588 ad
412 1529 499 1587 finem
520 1529 696 1608 perductum
718 1527 756 1587 sit
776 1527 924 1608 (ἀναμένειν
942 1564 981 1575 -
1002 1527 1179 1606 ebwarten).
1206 1526 1271 1591 Ea'-

193 1611 338 1691 spectabit
354 1609 446 1693 igitur
481 1613 583 1692 urbeque
603 1613 633 1668 in
652 1611 770 1668 Verrem
787 1610 876 1669 libros
896 1611 934 1684 is,
955 1608 1012 1690 qni¹
1026 1608 1057 1668 i'n
1077 1606 1189 1670 iudicio
1205 1631 1270 1669 rno-

192 1691 325 1766 rabitur,
344 1688 444 1750 donee
462 1634 517 1750 bae
538 1691 668 1771 quinque
688 1691 836 1773 orationes
850 1691 964 1751 habitae
984 1690 1060 1762 sint;
1081 1690 1131 1751 vel
1152 1688 1205 1831 poi
1223 1712 1269 1751 eae

192 1773 341 1853 usquead
364 1772 451 1831 finem
472 1771 618 1852 patienter
647 1771 763 1845 audiet,
792 1794 876 1851 quam
899 1773 1052 1853 interpret·
1071 1771 1190 1832 Selius.
1209 1792 1270 1834 non

192 1854 317 1915 debebat
343 1853 509 1934 improbare
532 1854 616 1934 Rup.
664 1853 713 1913 Sic
742 1851 804 1914 Cic.
832 1876 876 1934 pr.
903 1852 1021 1915 Cluent.
1047 1859 1076 1914 2.
1104 1864 1269 1914 extremum

193 1946 375 2019 exspectare.
405 1933 544 1995 Ceterum
559 1935 651 1994 refert
672 1932 746 1994 Plin.
764 1934 838 2015 Epp.
862 1937 884 2009 l,
901 1941 953 2012 20,
976 1941 1021 1995 10.
1043 1946 1131 1995 oratt.
1150 1934 1268 1996 Verria.

117 2079 119 2082 ,
187 2018 307 2078 'tantum
324 2014 416 2076 editas
431 2036 504 2076 esse.
529 2014 574 2076 Cf.
590 2017 626 2077 de
640 2014 668 2075 b.
679 2017 864 2076 v.Petersen.
881 2017 966 2098 Spec.
976 2019 1010 2076 ll.
1022 2015 1148 2076 Annott.
1161 2016 1268 2079 in'l’ax

192 2121 222 2180 p.
234 2103 293 2173 17,
306 2098 356 2177 qui
369 2098 445 2163 Hist.
455 2100 491 2171 ll,
502 2104 617 2157 7.recte
635 2102 802 2178 exspectari
815 2098 921 2157 bellurn
937 2118 993 2178 pro
1009 2098 1079 2157 belli
1092 2102 1206 2159 exitam
1222 2120 1269 2160 re·

192 2179 310 2242 vocavit
328 2179 379 2262 (de
396 2199 454 2257 quo
470 2177 526 2237 loc.
540 2179 588 2238 nd.
608 2177 730 2260 Kiessl.)
747 2189 777 2238 et
789 2178 868 2239 Anu.
883 2174 920 2255 ll,
934 2186 981 2239 60.
1003 2183 1156 2262 opperiens
1170 2184 1269 2257 aegri·
1305 2246 1310 2253 ,

192 2262 323 2322 tudinem
343 2259 466 2341 explieat
486 2259 676 2342 aegritudinis
696 2271 841 2319 eventum.
863 2260 940 2320 Hist.
960 2262 997 2336 ll,
1017 2263 1068 2320 46.
1088 2284 1147 2327 noa
1166 2283 1268 2347 exspe-

191 2344 282 2403 etaeit
299 2343 422 2402 militum
446 2341 539 2401 ardor
567 2358 663 2402 vocene
681 2338 731 2400 '‘im
752 2345 887 2401 aratoris.
938 2342 1042 2401 Horat.
1063 2342 1124 2403 Sat.
1142 2344 1166 2419 l,
1189 2348 1221 2416 5,
1240 2348 1267 2404 9.

190 2435 347 2485 ‘coenantes
366 2423 399 2504 (i.
409 2444 433 2483 e.
453 2424 522 2483 dum
538 2415 726 2484 coenaverint
758 2422 842 2483 baud
859 2428 958 2483 animo
974 2444 1066 2506 aequo
1080 2422 1268 2506 Exspectare

191 2511 306 2566 amieos
332 2526 357 2565 e.
378 2516 477 2564 annot.
498 2504 616 2575 Heindf,
644 2502 726 2565 Caes.
753 2505 788 2567 B.
810 2500 844 2565 C.
869 2506 906 2579 ll,
927 2508 975 2564 37.
1023 2502 1113 2564 Cario
1140 2508 1268 2590 reliquae

119 2588 121 2591 ’
161 2603 163 2607 ’
188 2592 294 2671 'copias
323 2580 553 2670 exspectare-
588 2587 728 2667 arabat,
754 2584 774 2646 i.
801 2604 826 2646 e.
852 2596 912 2645 tam
940 2585 990 2645 diu
1017 2586 1146 2663 morari,
1175 2588 1268 2651 donee

191 2669 292 2750 copiae
312 2668 464 2740 venerint,
492 2666 566 2726 simu
580 2678 638 2747 que
658 2679 806 2749 spectare,
833 2688 905 2726 num
924 2678 1066 2729 venturae
1086 2666 1168 2746 sint,
1196 2688 1267 2753 qnae

191 2761 238 2809 est
258 2752 383 2830 Herzog.
402 2747 564 2828 explicatio.
637 2764 639 2769 “
666 2750 669 2756 '
923 2750 932 2768 ⁹

280 2833 343 2910 quis
372 2829 409 2887 de
436 2831 605 2910 exceptione
623 2839 662 2888 ‘et
679 2826 816 2907 formula
837 2833 1016 2912 perpetietur
1040 2831 1099 2889 itte
1124 2833 1268 2892 immensa

192 2908 356 2991 columina]
378 2909 494 2991 Ulpiae.
515 2910 582 2992 Dig.
602 2913 704 2970 XLlV.
726 2911 747 2971 l.
765 2918 794 2972 2.
817 2934 862 2992 pr.
884 2913 920 2972 de
940 2911 1173 2993 exceptionibus.
1202 2914 1267 2974 Eor-

191 2996 287 3072 eeptio
308 2992 391 3051 dieta
412 3002 457 3053 est
476 2996 563 3074 quasi
588 2992 734 3076 quaedam
756 2997 904 3069 enatuere,
929 3014 1003 3076 quae
1026 2998 1136 3075 opponi
1156 2998 1269 3056 artiori

192 3077 330 3156 cuiusque
355 3077 401 3133 eei
417 3075 502 3133 'solet
527 3074 571 3132 bd
585 3075 809 3133 excludendum
837 3075 886 3150 id,
914 3074 993 3158 quod
1018 3078 1048 3133 in
1077 3079 1266 3138 intentionem

188 3156 495 3215 condemnationemee
511 3155 667 3215 deductum
685 3160 733 3214 sit.
773 3156 866 3214 Erant
880 3155 1067 3236 exceptiones
1080 3168 1133 3215 aut
1149 3154 1266 3238 pereur-

190 3236 323 3317 ptoriae,
345 3257 419 3315 quae
438 3237 518 3295 litem
538 3237 696 3311 finiebant,
715 3248 767 3296 aut
786 3236 955 3310 dilatoriae,
975 3258 1049 3317 quae
1068 3240 1134 3298 earn
1151 3244 1287 3301 tantnn'

187 3316 373 3376 disserebant.
415 3318 496 3376 Reus
515 3330 613 3379 nutem
635 3320 738 3377 contra
763 3318 908 3378 actionem
928 3319 967 3378 ita
987 3340 1019 3378 se
1038 3319 1117 3378 tueri
1136 3330 1266 3400 poterat,

186 3408 226 3456 nt
245 3409 295 3457 aut
316 3398 422 3467 sactum
444 3410 582 3479 negaret,
609 3412 660 3458 aut
679 3399 869 3459 inresectum
890 3421 956 3469 esse
974 3401 1186 3478 contenderet,
1216 3410 1266 3462 aot

190 3498 302 3538 novum
321 3478 430 3558 aliquid
449 3480 585 3555 afferret,
607 3501 669 3560 quo
688 3480 832 3540 actionem
849 3480 982 3554 elideret,
1001 3502 1075 3561 qnae
1094 3482 1176 3543 ¹ratio
1193 3502 1265 3565 pros

138 3566 149 3583 ”
186 3559 255 3640 -prie
284 3565 419 3641 exceptio
444 3562 649 3644 appellabatur.
691 3559 737 3622 cf.
759 3562 912 3622 Ecksteiu.
939 3562 1032 3622 adh.
1059 3561 1079 3620 l.
1106 3563 1264 3625 Zimrnern.

189 3643 278 3701 uum.
306 3642 517 3725 Rechtsgescb.
545 3642 614 3702 Vol.
641 3644 689 3701 lll.
717 3641 745 3724 ᾗ.
767 3648 805 3702 91
829 3665 871 3723 sq.
907 3643 992 3704 bein.
1021 3645 1109 3704 Rem.
1138 3644 1264 3707 Privatr.

190 3744 219 3802 p.
246 3726 306 3783 448
328 3747 372 3804 sq.
419 3724 573 3785 Formulas
599 3735 724 3803 exceptt.
750 3725 798 3783 vd.
826 3747 869 3805 ap.
905 3725 1039 3785 Brisson.
1064 3725 1101 3785 de
1126 3725 1262 3825 tormp

189 3807 374 3865 102-406,
416 3806 574 3866 »Formula
595 3805 627 3862 in
646 3826 680 3864 re
699 3803 812 3865 forensi
833 3819 879 3866 est
900 3807 1024 3882 modus,
1044 3827 1167 3884 norma,
1187 3819 1264 3868 ratae

88 3891 92 3897 '
189 3882 254 3965 lege
272 3886 450 3967 praescripta
470 3888 533 3948 sive
550 3887 583 3947 in
603 3884 701 3946 verbis
722 3886 785 3947 sive
807 3887 838 3946 in
858 3889 941 3948 factis
958 3889 1110 3964 servanda,
1130 3900 1166 3949 ut
1185 3889 1263 3950 ritus

187 3976 219 4023 et
238 3965 312 4024 natio
332 3979 593 4043 testamentorum,
622 3979 701 4027 certa
719 3979 749 4026 et
767 3981 907 4050 concepta
926 3969 1015 4031 verba
1035 3970 1066 4028 in
1084 3969 1262 4044 actionibus,

188 4045 438 4126 stipulationibus,
458 4046 573 4110 iudiciis
593 4060 665 4109 ete«
703 4049 826 4108 Forcell.
847 4051 923 4111 Dial.
940 4050 992 4111 38.
1004 4051 1144 4133 Exempla
1160 4051 1261 4113 talium

186 4125 377 4188 formularum
406 4129 525 4191 exhibet
550 4130 611 4193 Cic.
642 4129 704 4191 Oli.
725 4133 748 4204 l,
780 4135 825 4191 12.
856 4134 906 4207 lll,
931 4137 977 4192 13.
1005 4137 1052 4192 1⁵.
1074 4138 1123 4192 16.
1150 4132 1187 4192 al.
1212 4133 1261 4193 vd.

184 4208 257 4270 Ern.
279 4207 359 4272 Clav.
380 4209 441 4272 Cic.
463 4232 487 4271 s.
507 4235 535 4273 r.
577 4215 611 4273 ln
630 4210 747 4275 indiciis
766 4233 857 4292 rere,
878 4225 913 4277 ut
932 4212 1086 4276 annotavit
1099 4212 1261 4291 macte,
