2634 4656
152 269 217 335 sos
464 269 633 356 βίαιος..
655 233 693 329 i.
716 251 897 338 orianum.
922 228 925 234 ’
955 303 959 316 .
1002 251 1004 255 ’
1045 238 1048 242 ’

97 511 99 516 ,
151 440 259 497 tarum
293 421 466 496 electiones
500 439 556 495 ant
587 421 790 521 pestilentiae
821 420 967 496 remedia
1000 438 1059 496 aut
1093 423 1214 496 incesta

91 553 113 598 Θ
149 539 291 598 matrum
318 538 373 595 aut
398 519 558 622 quiequid
581 521 615 592 in
645 521 755 594 sobole
780 523 899 594 cotidie
925 523 1064 618 agitur,¹
1082 522 1119 594 in
1144 524 1212 596 loto

151 621 202 695 vel
233 649 310 694 raro
335 621 384 695 vel
410 649 578 721 nunquam
604 621 794 718 ingentibus
819 623 928 695 verbis
955 632 1214 729 prosequentur:

107 830 110 837 .
151 791 217 865 vlt,
239 797 268 866 8,
290 796 317 849 3.
356 783 416 870 Qui
434 788 506 849 duos
523 811 577 850 uno
595 783 757 871 temperet
775 809 883 850 rannus
897 791 1023 865 oqeidit,
1048 788 1114 851 'duo
1131 812 1214 875 praa-

153 876 218 933 mia
240 877 322 953 petit.
361 871 463 947 Quint.
485 872 610 931 Decium.
634 879 725 932 282.
753 812 947 956 iprannieida
976 882 1051 932 ueste
1079 874 1215 933 muliebri.

153 961 223 1014 288.
267 955 463 1036 Tyrannicida
473 952 607 1032 filiorum
627 955 756 1014 duorum.
779 959 847 1015 345.
885 954 1006 1035 Pauper
1027 955 1070 1014 ad
1088 959 1214 1038 tyranni·

151 1036 257 1096 sidilum
278 1034 408 1095 mercede
429 1036 592 1096 conductus.
622 1042 689 1096 382.
733 1036 925 1119 Tyrannicida
952 1037 1122 1097 conductus.
1154 1036 1215 1098 Cd-

153 1120 241 1198 purn.
268 1117 393 1177 Decium.
417 1123 463 1176 13.
501 1117 634 1177 Medicus
663 1118 852 1200 tyrannicida.
889 1119 988 1178 Senec.
1011 1116 1177 1180 Controvv.
1194 1118 1215 1196 Ι,

153 1203 183 1258 ·7.
227 1198 419 1280 Tyrannicida
446 1196 465 1257 a
491 1202 597 1280 piratis
617 1200 759 1260 dimissus.
785 1201 920 1280 Excerpt.
936 1198 1106 1272 ,Controvsn
1127 1204 1178 1278 tV,
1190 1206 1214 1262 7.

99 1314 103 1321 .
155 1280 347 1364 Tyrannicida
368 1290 397 1340 et
416 1281 532 1339 adulter
551 1285 675 1364 tyranni.
924 1294 926 1298 ’
1188 1277 1193 1283 ’

238 1383 406 1439 uitiatarum
427 1369 600 1460 electiories]
619 1380 638 1436 1.
660 1399 683 1437 e.
701 1378 859 1439 Heiratben
880 1376 932 1437 der
951 1378 1132 1439 Entliibsten
1151 1362 1215 1440 'vitm

153 1460 322 1522 Entliibrer.
363 1463 500 1542 Spectant
520 1461 554 1519 ad
581 1462 674 1541 legem
703 1460 918 1533 scholasticam,
946 1482 1017 1539 quae
1039 1461 1148 1521 dicitur
1172 1482 1215 1520 ra·

151 1556 282 1624 piarum:
311 1555 391 1622 rapta
419 1542 542 1623 raptoris
562 1554 611 1600 sut
631 1555 751 1600 mortem
776 1553 858 1622 optet
877 1553 926 1601 aut
953 1543 1084 1623 nuptias;
1108 1545 1144 1603 de
1163 1562 1215 1623 qm

161 1625 196 1687 ci.
227 1625 329 1699 Quint.
353 1626 403 1700 tv,
422 1632 452 1699 2,
475 1625 615 1707 sibyll,
637 1630 666 1697 8,
687 1626 715 1684 4.
744 1625 846 1699 Quint.
868 1624 993 1683 Decium.
1015 1631 1089 1691 276.Ι
1135 1624 1215 1685 Boua

153 1710 299 1788 raptoris,
330 1710 379 1788 qui
403 1728 435 1765 se
459 1707 614 1787 suspendit.
649 1711 716 1764 309.
757 1708 872 1786 Raptor
898 1709 1047 1766 conuictus.
1082 1705 1215 1788 Calputn.

152 1789 279 1849 Declem.
300 1793 348 1848 42.
373 1790 421 1848 44.
442 1791 490 1847 49.
533 1789 645 1868 Raptor
672 1787 797 1846 duarum
815 1786 914 1866 filium
942 1793 1080 1846 nutriens
1117 1789 1213 1848 Senes.

45 1868 48 1873 ⁴
148 1869 406 1943 0311101115.
446 1871 562 1949 Raptor
582 1871 714 1928 duarum.
730 1869 777 1942 tlt,
804 1876 852 1929 23.
895 1862 1041 1938 Mutanda
1063 1874 1142 1951 optio
1166 1870 1214 1929 rass

65 2021 68 2037 Ι
151 1963 236 2036 piore
258 1956 393 2012 conuictu.
421 1952 555 2032 Exceept.
577 1950 738 2012 Controvu.
758 1955 809 2026 111,
837 1957 864 2011 3.
911 1945 1005 2012 Patre
1035 1950 1214 2033 easalafilio

153 2044 251 2117 rapta.
382 2052 384 2058 ’
512 2058 514 2063 ·
917 2052 921 2064 “

241 2133 423 2212 pestilentiae
444 2130 590 2212 remedia]
621 2124 795 2215 »Fingebam
815 2130 864 2190 isti
884 2131 1017 2190 rhetores
1037 2124 1214 2212 pestilentiae

156 2223 290 2308 tempore
311 2212 382 2271 adiri
404 2212 535 2287 oracula,
563 2226 641 2273 vates
664 2213 793 2286 consuli,
821 2213 1213 2293 responderiimmolandam

153 2293 296 2376 virgmem
316 2295 404 2354 aliave
432 2295 549 2369 similia,
563 2333 564 2337 =
577 2316 649 2375 quae
667 2297 771 2355 mirum
792 2295 822 2354 in
848 2295 968 2354 modum
984 2297 1213 2378 exaggerabatur

153 2377 241 2436 Brot.
261 2377 314 2435 Vd.
337 2376 482 2458 Spalding.
503 2378 537 2436 ad
558 2377 659 2452 Quint.
675 2381 710 2449 11,
739 2383 785 2452 10,
807 2382 834 2436 4.
858 2377 965 2435 Antan.
990 2377 1087 2437 Liber.
1111 2391 1153 2460 cp.
1170 2383 1210 2439 25.

160 2458 413 2532 Quint‘Declam.
444 2456 510 2517 326.
555 2460 663 2534 Legati
678 2458 763 2538 filins
791 2462 907 2517 uictima
930 2461 1123 2540 pestilentiae.
1150 2462 1211 2522 384.

151 2540 244 2616 uirgo
261 2543 413 2599 immolata
429 2543 617 2622 pestilentiae.
640 2540 775 2622 Calpurn.
795 2539 875 2600 Decl.
897 2546 942 2600 19.
963 2545 1010 2601 43.

154 2654 157 2659 ’
235 2643 343 2698 incesta
370 2637 530 2719 matrum]
550 2639 652 2714 Quint.
680 2639 804 2699 Decium.
829 2644 896 2698 330.
935 2638 1140 2715 Abascantos,
1162 2631 1213 2722 'qui

144 2722 213 2797 ¹alit
232 2721 396 2780 adulteram
418 2731 549 2778 matrem.
571 2720 673 2795 Quint.
692 2724 756 2796 Vll,
777 2728 806 2797 8,
827 2725 854 2780 3.
896 2721 1002 2793 Incesti
1024 2723 1168 2801 damnata
1185 2730 1211 2781 ei

156 2802 192 2861 de
211 2824 286 2861 saxo
304 2805 501 2884 praecipitata
525 2806 604 2863 uiuit.
636 2805 638 2810 ⁴
677 2815 685 2833 .
1198 2854 1202 2861 .

124 2947 136 2964 χ
238 2888 267 2943 in
285 2884 386 2942 schola
408 2894 445 2928 -'-
466 2888 496 2942 in
507 2881 595 2965 soro]
630 2884 737 2943 Schola
757 2905 821 2944 eum
843 2883 1097 2946 declamationibus
1116 2898 1147 2946 et
1164 2881 1213 2965 fo·

157 2986 222 3025 rum
251 2965 418 3025 cumvenis
443 2965 533 3026 causis
564 2964 618 3025 sibi
639 2978 834 3046 opponuntur.
868 2962 928 3027 Cic.
949 2966 1088 3028 de'Orat·
1110 2970 1146 3044 11,
1165 2970 1212 3043 tt,

158 3051 224 3119 100.
265 3048 348 3107 Haeo
361 3060 404 3108 est
423 3050 495 3106 enim
518 3052 547 3105 in
568 3047 634 3106 ludo
653 3068 807 3106 causarum
823 3046 891 3126 sere
902 3048 1045 3128 feirmula.
1086 3048 1130 3110 At
1151 3070 1212 3110 uara

157 3132 188 3189 in
199 3127 270 3207 foro
285 3130 402 3188 tabulae
418 3127 470 3188 etc.
490 3184 492 3189 .
511 3131 690 3208 Frequenter
704 3151 737 3209 ap
755 3129 905 3205 Quintil,
924 3136 970 3206 10,
990 3137 1017 3191 9.
1053 3129 1138 3193 Niltil
1150 3152 1213 3208 ergo

155 3209 355 3290 interfiirense
368 3232 458 3286 genus
472 3206 588 3270 dicendi
601 3226 685 3292 atque
697 3211 751 3270 lroe
760 3212 1005 3272 declamatorium
1014 3215 1212 3275 interemti·-

156 3312 230 3377 quae
250 3315 318 3369 nos,
343 3293 499 3374 quamlibet
514 3309 568 3374 per
593 3295 655 3352 alia
669 3295 708 3351 'in
729 3295 832 3353 sabellis
852 3298 1006 3354 exercitati
1031 3317 1149 3367 sumus,
1178 3298 1212 3354 e·-
1233 3336 1237 3353 .

152 3386 241 3433 'renes
268 3378 298 3433 in
308 3372 377 3452 soro
404 3379 554 3434 inueniunt.
583 3375 633 3450 111,
657 3377 683 3448 1,
704 3376 752 3434 46.
773 3378 810 3452 11,
835 3380 881 3448 13,
903 3381 950 3436 36.
990 3366 1071 3452 Nam
1097 3376 1213 3459 quidam

156 3459 246 3515 otiam
262 3460 290 3514 in
296 3455 520 3539 fiirotanquam
536 3478 596 3515 rem
613 3457 762 3517 molestam
777 3468 805 3517 et
821 3455 950 3517 odiosam
963 3469 1213 3538 praetereunt-t

156 3551 185 3598 et
211 3539 320 3598 scilieet
348 3538 435 3598 multo
463 3542 557 3615 magis
581 3542 611 3596 in
636 3539 738 3599 sobolis
765 3551 818 3600 etc.
847 3543 895 3598 45.
935 3541 1047 3600 Rursus
1074 3541 1160 3600 aliud
1184 3543 1213 3599 irt

153 3620 259 3679 sobolis
281 3621 502 3702 permittendum
529 3641 657 3701 semper,
686 3625 715 3679 in
732 3619 803 3698 soro
827 3641 905 3681 raro.
934 3622 997 3696 Vll,
1017 3629 1048 3697 2,
1070 3626 1120 3683 54.
1163 3622 1214 3682 Va·

160 3724 224 3761 rum
248 3704 299 3760 illa
319 3703 482 3763 scholarum
505 3703 676 3761 consuetudo
698 3706 781 3762 ituris
800 3702 941 3780 insuram
961 3713 1054 3783 potest
1075 3724 1185 3764 nocere.

236 3786 395 3856 ingentibus
422 3786 512 3844 uerbis
537 3782 761 3866 prosequantur]
798 3795 1004 3866 persequuntur
1033 3783 1127 3846 Codd.
1152 3786 1212 3845 Par.

153 3863 242 3924 tino.
266 3867 317 3924 Ed.
338 3867 413 3946 Spin.
431 3877 639 3948 persequantur
657 3888 691 3925 ex
706 3867 816 3925 emend.
836 3863 900 3925 Pul!
922 3887 1016 3945 seqq.;
1037 3889 1212 3949 prosequun-

153 3955 205 4004 tur
226 3945 297 4007 Cod.
320 3950 419 4022 Farn,
442 3950 519 4027 quod
539 3949 716 4007 emendatum
734 3947 764 4005 in
782 3961 1010 4029 prosequantur,
1031 3971 1084 4009 nec
1106 3950 1213 4030 impro-

157 4026 255 4087 batum
274 4030 370 4088 Boett.
390 4030 420 4089 iu
441 4042 550 4088 annoti.
571 4043 604 4089 ut
623 4028 791 4108 exquisitius
818 4030 1014 4109 recipiendum
1034 4031 1121 4104 duxi,
1149 4031 1214 4095 ticet

83 4122 87 4129 ’
157 4109 302 4169 Eckstein.
330 4110 359 4170 in
387 4112 437 4171 tali
457 4112 597 4172 sententis
623 4131 682 4173 noa
708 4123 806 4190 aptum
834 4111 972 4171 uideatur.
1014 4112 1064 4173 Sic
1081 4115 1216 4195 prosequi

151 4190 210 4274 (se.
232 4191 343 4274 verbis)
357 4191 416 4256 Cic.
437 4215 481 4276 pr.
501 4197 587 4256 Rosa.
601 4195 697 4261 Amet.
717 4200 766 4270 30,
788 4199 853 4266 83,
884 4195 974 4253 uerbis
994 4197 1211 4255 uehementiori-
