2634 4656
176 243 240 310 tat
490 205 666 326 'Didlogne
688 245 726 306 de
746 201 946 307 Oratoribus!
1018 284 1024 305 .

135 420 138 425 '
177 398 256 475 salla
280 397 376 499 quasi
400 424 518 471 rirrsus
542 397 723 498 incipieus,
750 396 916 494 Quoniam
942 397 1036 472 initia
1058 414 1091 474 et
1116 400 1242 475 semina

177 500 296 581 ‚ueteris
320 497 525 596 eloquentiae
549 498 628 570 satis
652 496 894 571 demonstrasse
922 497 1059 588 videor,
1088 498 1244 575 docendo

177 599 304 717 quibus
327 596 453 670 artibus
487 597 613 696 antiqui
638 593 942 698 oratores'institui
969 599 1165 700 erudirique
1191 628 1265 687 sos

140 737 146 742 ·
177 699 225 774 lui
252 699 337 786 siut,
363 719 545 797 persequar
568 724 657 769 nunc
684 696 937 791 exercitationes·
955 725 1080 771 eorum.
1124 698 1243 794 Quan-

177 827 276 900 quam
296 797 384 900 ipsis
402 797 527 870 artibus
549 795 632 868 inest
659 795 861 884 exercitatio,
887 825 951 870 nee
970 798 1148 897 quisquam
1166 827 1242 900 per·

178 898 295 1000 cipere
313 913 361 969 tot
381 897 569 984 reconditas
595 913 648 968 aut
674 912 738 968 tam
764 896 869 969 varias
894 923 948 970 res
968 910 1096 997 potest,
1122 897 1189 971 uisi
1208 914 1242 973 nt
1278 939 1281 952 =

178 999 332 1073 scientiae
364 995 551 1085 meditatio,
586 995 789 1069 meditationi
821 995 977 1085 facultas,
1014 995 1174 1070 facultati
1195 998 1241 1072 vis

177 1095 383 1196 eloquentiae
415 1097 566 1170 accedat:
603 1123 664 1194 per
688 1103 772 1195 quae
806 1092 970 1191 colligitur
998 1096 1137 1169 eandem
1171 1125 1241 1171 esse

177 1198 336 1270 rationem
362 1213 394 1268 et
415 1195 639 1296 percipiendi,
675 1223 758 1294 quae
804 1195 948 1284 coleras,
982 1211 1013 1269 et
1038 1196 1243 1295 proferendi,

178 1325 264 1397 quae
288 1295 484 1396 perceperis.
537 1295 604 1368 Sed
631 1294 735 1367 sicui
762 1225 955 1369 olscuriora
980 1295 1060 1367 haec
1088 1295 1244 1371 videntur

177 1397 274 1496 isque
314 1396 481 1468 scientiam
515 1394 556 1492 ab
592 1394 819 1493 exercitatione
850 1412 998 1494 separat,
1041 1391 1126 1468 illud
1158 1414 1244 1471 certe

179 1495 355 1584 concedet,
389 1494 583 1568 instructum
617 1511 648 1568 et
681 1493 816 1595 plenum
846 1495 899 1568 his
934 1494 1061 1569 artibus
1096 1496 1242 1569 animum
1276 1502 1281 1539 ³

261 1665 338 1725 idem
360 1662 542 1746 annuissent]
572 1663 708 1724 Annuere
728 1664 746 1724 i.
761 1669 788 1746 q
810 1677 883 1724 nutu
906 1664 953 1726 vel
972 1664 1054 1724 vultu
1077 1664 1241 1749 siguificare

179 1747 255 1809 velle
282 1768 337 1821 nos
364 1746 478 1826 aliquid.
514 1748 681 1827 'fau-Anu.
703 1748 768 1820 XV,
789 1753 837 1807 58.
874 1745 935 1808 Cic.
963 1748 998 1808 de
1029 1747 1113 1807 Orat.
1133 1752 1171 1824 ll,
1193 1754 1241 1826 70,

179 1837 249 1892 287.
292 1829 331 1889 Id
349 1849 458 1914 quoque
480 1839 539 1888 toto
565 1833 661 1911 eapite
681 1833 789 1890 annuit.
817 1829 931 1890 *Paullo
950 1841 1018 1912 post
1037 1829 1073 1890 ad
1095 1829 1241 1912 Quom'am

160 1918 164 1927 '
178 1910 273 1995 suppl.
291 1909 389 1992 inquit.
700 1920 702 1927 '

261 2012 347 2069 initia
367 2020 395 2068 et
411 2005 540 2089 semina]
577 2005 637 2069 Cie.
658 2009 745 2078 Tusc.
764 1999 800 2083 V,
821 2009 871 2081 24,
892 2000 940 2069 69.
980 2008 1052 2068 Inde
1079 2019 1124 2069 est
1155 2010 1240 2072 inda·

178 2096 262 2170 gotio
282 2094 429 2150 initiorum
451 2100 479 2149 et
501 2100 638 2171 tanquam
663 2094 811 2151 seminum.
847 2087 950 2165 Quint.
968 2095 1004 2170 lt,
1027 2098 1078 2169 20,
1101 2098 1129 2154 6.
1156 2096 1240 2169 initia

179 2174 324 2260 quaedam
345 2192 382 2232 ae
401 2175 597 2231 seminarunt
618 2193 754 2232 concessa
772 2179 888 2230 natura.

263 2272 361 2349 nisiut]
395 2269 511 2330 Offensi
537 2282 651 2350 praeter
683 2269 883 2331 necessitatem
910 2269 963 2331 hae
990 2269 1054 2332 lect.
1086 2270 1117 2331 iu
1148 2269 1238 2335 Codd.

181 2367 212 2417 et
230 2353 377 2436 plerisque
399 2352 475 2411 Edu.
496 2351 622 2412 exhibita
648 2352 729 2413 Acta.
753 2354 856 2412 Heum.
882 2350 995 2413 Schula.
1024 2366 1054 2414 et
1072 2352 1189 2415 Droula
1210 2365 1238 2417 ut

180 2436 381 2511 sustulerunt,
401 2436 488 2494 Huet.
508 2434 629 2495 malebat
648 2439 706 2494 nisi
724 2445 768 2508 et,
799 2433 889 2495 Orell.
909 2438 965 2494 nisi
983 2435 1048 2510 ulu',
1078 2437 1191 2498 Osann.
1210 2437 1238 2499 iu

179 2532 263 2581 textu
283 2516 383 2600 posuit
402 2521 459 2576 nisi
475 2519 575 2590 simul,
602 2520 698 2576 Boett
720 2516 844 2579 coniecit
864 2520 920 2575 nisi
940 2526 971 2576 ut
989 2521 1128 2578 scientiae
1148 2521 1239 2581 medi-

74 2620 76 2627 *
180 2607 272 2675 tatio,
298 2605 341 2659 ita
366 2599 516 2659 meditatio
538 2611 590 2659 etc.
630 2600 701 2659 Nam
731 2598 803 2662 banc
822 2597 973 2659 formulam
1003 2611 1083 2660 recte
1112 2601 1239 2665 defendit

93 2704 95 2709 ’
180 2682 349 2764 Wopkens.
371 2680 514 2742 Observv.
541 2680 620 2741 misc.
646 2681 709 2741 Vol.
730 2685 788 2739 Vll.
810 2683 841 2741 P.
862 2686 1030 2761 &qu-403.
1067 2681 1144 2742 Plin.
1167 2685 1268 2769 Epp·

179 2771 217 2840 ll,
241 2768 356 2841 11,1’6.
397 2763 496 2845 Neque
524 2767 598 2822 enim
625 2767 685 2822 iam
711 2764 844 2822 inclinari
867 2772 986 2844 poterat
1011 2766 1109 2838 actio,
1135 2770 1196 2827 nisi
1209 2776 1239 2829 td

182 2851 275 2909 raoetis
299 2846 461 2906 'interuentu
487 2845 671 2904 scinderetur.
711 2844 813 2919 Quint.
840 2847 878 2918 V,
908 2851 956 2919 10,
982 2848 1031 2904 57.
1082 2845 1239 2932 Nunquam

181 2934 279 3014 itaque
297 2949 317 2987 a
330 2929 426 3008 speeie
446 2928 563 2987 tolletur
573 2948 681 3003 genus,
702 2930 758 2987 nisi
772 2937 804 2986 ut
819 2948 916 2986 omnes
930 2930 1056 3009 speeies,
1100 2951 1158 2989 uae
1174 2941 1239 2992 sunt

179 3014 282 3110 qeneri
298 3011 459 3085 subiectae,
486 3021 688 3069 remooeanmr
706 3007 770 3090 (nbi
792 3008 887 3089 Spald.
908 3029 964 3067 oni.
984 3007 1051 3090 ut).
1081 2952 1132 3070 l'r.
1153 3012 1239 3075 Hesi.

180 3118 212 3163 un
232 3104 398 3155 commentt.
415 3113 483 3151 mss.
510 3090 538 3149 h.
560 3090 577 3150 l.
600 3090 640 3151 sic
659 3091 875 3171 interpretatur.
920 3089 1035 3150 »Altera
1054 3113 1122 3171 pars
1143 3114 1239 3157 ennu-

155 3175 309 3238 ‘tiationis
336 3195 397 3233 non
425 3168 765 3233 conditionem-alterius
793 3172 900 3253 partis,
930 3172 981 3232 sed
1002 3176 1240 3255 consequentiam

181 3258 313 3320 continet
335 3268 364 3316 et
383 3254 519 3337 particula
541 3265 573 3315 ut
590 3254 684 3336 posita
711 3266 755 3314 est
781 3275 836 3335 pro
863 3258 907 3314 ita
928 3264 967 3313 ut.
1008 3255 1161 3318 Sententia
1179 3270 1240 3321 eata

183 3339 216 3402 Si
230 3340 294 3421 quis
310 3338 345 3398 ad
360 3359 459 3397 ornnes
480 3358 526 3397 eas
541 3348 616 3398 artes
632 3335 782 3410 incumbit,
802 3335 906 3417 quibus
927 3358 1036 3396 summa
1056 3335 1241 3420 eloqueuliae

181 3422 226 3482 vis
247 3443 278 3482 ac
298 3418 416 3480 facultas
436 3432 570 3500 paratur,
591 3419 648 3480 hoc'
667 3418 762 3500 ipsum
781 3418 908 3478 studium
924 3412 1031 3491 elficit,
1050 3431 1084 3479 ut
1107 3442 1170 3482 non
1190 3444 1240 3501 soff·

85 3566 87 3573 ,
181 3503 242 3566 lum
263 3501 381 3565 scientia
406 3500 467 3562 eius
488 3501 518 3560 in
539 3501 599 3560 dies
619 3512 775 3584 augeatur,
803 3500 958 3560 sedetiam
978 3500 1126 3563 meditatio
1147 3516 1180 3566 et
1197 3504 1240 3567 ia-
1278 3501 1281 3510 ⁴

157 3647 160 3652 ,
181 3586 272 3649 cultas
294 3597 324 3646 et
341 3606 412 3645 usus
433 3581 613 3664 eloquentiae
632 3584 770 3644 accedat«
798 3664 806 3677 .

264 3683 426 3761 meditatio]
462 3682 517 3741 vd.
548 3692 646 3740 annot.
672 3681 707 3740 ad
734 3679 807 3741 Dial.
830 3686 876 3740 10.
895 3643 967 3741 add.
994 3677 1054 3740 cic.
1081 3681 1169 3744 Brut.
1189 3691 1238 3763 37,

93 3834 98 3840 ,
184 3773 250 3829 139.
272 3767 307 3826 de
329 3765 410 3826 Orat.
429 3768 465 3837 ΙΙ,
486 3770 537 3839 27,
560 3768 626 3822 118.
647 3763 749 3837 Quint.
769 3768 805 3839 11,
830 3770 877 3839 10,
896 3770 924 3824 2.
945 3762 1098 3824 meditatio
1118 3767 1239 3829 dicendi.

181 3850 228 3909 vd.
249 3850 320 3908 Ern.
340 3848 409 3907 Lex.
427 3845 522 3906 techa.
543 3846 603 3904 Lat.
622 3867 644 3904 s.
662 3867 689 3904 v.
868 3875 872 3887 ι

218 3982 222 3990 ·
263 3950 303 4005 uis
330 3944 515 4027 eloquentiae]
550 3943 596 4003 Ex
623 3942 743 4002 coniect.
762 3941 844 4002 aeid.
873 3964 940 4002 usus
965 3944 1036 4025 eloq.
1065 3959 1241 4028 receperunt

182 4028 286 4089 Heum.
308 4038 338 4088 et
356 4025 486 4099 Schola,
506 4024 618 4106 probat.
637 4024 749 4084 Dronk-
770 4036 798 4084 et
818 4026 913 4085 Boett.
933 4025 963 4084 in
984 4037 1095 4086 annott.

260 4111 376 4191 plenum
395 4111 441 4176 ,iris
461 4108 580 4168 artibus.
593 4139 630 4153 -
645 4109 836 4188 paratiorem]
861 4107 963 4168 Aetate
984 4107 1086 4181 Quint.
1108 4107 1172 4190 (vd.
1191 4114 1240 4183 tx,
1262 4168 1266 4175 ,

182 4197 211 4269 3,
235 4191 278 4276 1.)
300 4201 446 4259 structura
466 4189 567 4255 adiect.
588 4191 689 4272 plenus
713 4211 738 4252 c.
760 4187 885 4253 ablativo
910 4188 1047 4251 usitatior
1067 4212 1155 4272 quarn
1175 4214 1240 4256 mm
