<?xml version="1.0" encoding="UTF-8"?>
<!DOCTYPE html PUBLIC "-//W3C//DTD XHTML 1.0 Transitional//EN"
    "http://www.w3.org/TR/xhtml1/DTD/xhtml1-transitional.dtd">
<html xmlns="http://www.w3.org/1999/xhtml" xml:lang="en" lang="en">
 <head>
  <title>
</title>
<meta http-equiv="Content-Type" content="text/html;charset=utf-8" />
  <meta name='ocr-system' content='tesseract 3.04.00' />
  <meta name='ocr-capabilities' content='ocr_page ocr_carea ocr_par ocr_line ocrx_word'/>
</head>
<body>
  <div class='ocr_page' id='page_1' title='image "./dialogusdeorato00tacigoog_0060.png"; bbox 0 0 2634 4656; ppageno 0'>
   <div class='ocr_carea' id='block_1_1' title="bbox 394 271 1142 357">
    <p class='ocr_par' dir='ltr' id='par_1_1' title="bbox 394 271 1142 357">
     <span class='ocr_line' id='line_1_1' title="bbox 394 271 1142 357; baseline 0.001 -22"><span class='ocrx_word' id='word_1_1' title='bbox 394 296 397 303; x_wconf 82' lang='grc'><strong>’</strong></span> <span class='ocrx_word' id='word_1_2' title='bbox 492 271 621 357; x_wconf 50' lang='lat' dir='ltr'>Capi,</span> <span class='ocrx_word' id='word_1_3' title='bbox 666 275 744 337; x_wconf 78' lang='lat' dir='ltr'>It·</span> <span class='ocrx_word' id='word_1_4' title='bbox 803 280 807 285; x_wconf 87' lang='lat'>&#39;</span> <span class='ocrx_word' id='word_1_5' title='bbox 1121 286 1142 345; x_wconf 74' lang='grc'><strong>7</strong></span> 
     </span>
    </p>
   </div>
   <div class='ocr_carea' id='block_1_2' title="bbox 55 422 1143 821">
    <p class='ocr_par' dir='ltr' id='par_1_2' title="bbox 55 422 1143 821">
     <span class='ocr_line' id='line_1_2' title="bbox 59 422 1143 528; baseline 0.01 -31"><span class='ocrx_word' id='word_1_6' title='bbox 59 423 182 497; x_wconf 79' lang='lat' dir='ltr'>ordine</span> <span class='ocrx_word' id='word_1_7' title='bbox 204 422 449 524; x_wconf 79' lang='lat' dir='ltr'>disputationis.</span> <span class='ocrx_word' id='word_1_8' title='bbox 501 428 619 525; x_wconf 84' lang='lat' dir='ltr'><strong>Neque</strong></span> <span class='ocrx_word' id='word_1_9' title='bbox 639 430 726 500; x_wconf 87' lang='lat' dir='ltr'>cuim</span> <span class='ocrx_word' id='word_1_10' title='bbox 745 426 869 517; x_wconf 76' lang='lat' dir='ltr'>defuit,</span> <span class='ocrx_word' id='word_1_11' title='bbox 895 432 953 528; x_wconf 93' lang='lat' dir='ltr'>qui</span> <span class='ocrx_word' id='word_1_12' title='bbox 978 424 1143 509; x_wconf 85' lang='lat' dir='ltr'>diversant</span> 
     </span>
     <span class='ocr_line' id='line_1_3' title="bbox 57 524 1143 626; baseline 0.013 -32"><span class='ocrx_word' id='word_1_13' title='bbox 57 552 199 622; x_wconf 85' lang='lat' dir='ltr'>qnoque</span> <span class='ocrx_word' id='word_1_14' title='bbox 226 542 353 623; x_wconf 86' lang='lat' dir='ltr'>partem</span> <span class='ocrx_word' id='word_1_15' title='bbox 386 524 570 626; x_wconf 88' lang='lat' dir='ltr'>susciperet</span> <span class='ocrx_word' id='word_1_16' title='bbox 602 553 641 598; x_wconf 88' lang='lat' dir='ltr'>ac</span> <span class='ocrx_word' id='word_1_17' title='bbox 665 528 806 600; x_wconf 87' lang='lat' dir='ltr'>multum</span> <span class='ocrx_word' id='word_1_18' title='bbox 838 547 952 602; x_wconf 83' lang='lat' dir='ltr'>vexata</span> <span class='ocrx_word' id='word_1_19' title='bbox 984 549 1016 604; x_wconf 88' lang='lat' dir='ltr'>et</span> <span class='ocrx_word' id='word_1_20' title='bbox 1044 534 1143 608; x_wconf 79' lang='lat' dir='ltr'>irrisa</span> 
     </span>
     <span class='ocr_line' id='line_1_4' title="bbox 57 620 1142 732; baseline 0.013 -39"><span class='ocrx_word' id='word_1_21' title='bbox 57 638 224 695; x_wconf 85' lang='lat' dir='ltr'>vetustate</span> <span class='ocrx_word' id='word_1_22' title='bbox 249 642 442 697; x_wconf 86' lang='lat' dir='ltr'>nostrorum</span> <span class='ocrx_word' id='word_1_23' title='bbox 465 620 653 725; x_wconf 87' lang='lat' dir='ltr'>temporum</span> <span class='ocrx_word' id='word_1_24' title='bbox 680 626 902 728; x_wconf 85' lang='lat' dir='ltr'>eloquentiam</span> <span class='ocrx_word' id='word_1_25' title='bbox 928 631 1142 732; x_wconf 83' lang='lat' dir='ltr'>antiquorum</span> 
     </span>
     <span class='ocr_line' id='line_1_5' title="bbox 55 721 719 821; baseline 0.012 -29"><span class='ocrx_word' id='word_1_26' title='bbox 55 721 206 821; x_wconf 80' lang='lat' dir='ltr'>ingeniis</span> <span class='ocrx_word' id='word_1_27' title='bbox 227 721 415 797; x_wconf 71' lang='lat' dir='ltr'>anteferret.</span> <span class='ocrx_word' id='word_1_28' title='bbox 715 756 719 763; x_wconf 91' lang='lat'><em>·</em></span> 
     </span>
    </p>
   </div>
   <div class='ocr_carea' id='block_1_3' title="bbox 160 902 1142 1121">
    <p class='ocr_par' dir='ltr' id='par_1_3' title="bbox 160 902 1142 1121">
     <span class='ocr_line' id='line_1_6' title="bbox 495 902 714 975; baseline 0.005 -14"><span class='ocrx_word' id='word_1_29' title='bbox 495 902 524 961; x_wconf 79' lang='lat' dir='ltr'>(t</span> <span class='ocrx_word' id='word_1_30' title='bbox 541 920 568 961; x_wconf 71' lang='lat' dir='ltr'>a</span> <span class='ocrx_word' id='word_1_31' title='bbox 583 920 622 975; x_wconf 79' lang='lat' dir='ltr'>p·</span> <span class='ocrx_word' id='word_1_32' title='bbox 656 904 714 962; x_wconf 83' lang='lat'>11.</span> 
     </span>
     <span class='ocr_line' id='line_1_7' title="bbox 160 988 1142 1121; baseline 0.008 -28"><span class='ocrx_word' id='word_1_33' title='bbox 160 1020 246 1094; x_wconf 84' lang='lat' dir='ltr'>Nam</span> <span class='ocrx_word' id='word_1_34' title='bbox 271 1012 408 1120; x_wconf 85' lang='lat' dir='ltr'>postero</span> <span class='ocrx_word' id='word_1_35' title='bbox 441 988 496 1095; x_wconf 83' lang='lat' dir='ltr'>die</span> <span class='ocrx_word' id='word_1_36' title='bbox 523 1048 623 1121; x_wconf 87' lang='lat' dir='ltr'>quam</span> <span class='ocrx_word' id='word_1_37' title='bbox 650 1021 818 1095; x_wconf 83' lang='lat' dir='ltr'>Curiatius</span> <span class='ocrx_word' id='word_1_38' title='bbox 843 1022 1018 1100; x_wconf 82' lang='lat' dir='ltr'>Maternus</span> <span class='ocrx_word' id='word_1_39' title='bbox 1043 1027 1142 1100; x_wconf 84' lang='lat' dir='ltr'>Cato-</span> 
     </span>
    </p>
   </div>
   <div class='ocr_carea' id='block_1_4' title="bbox 54 1187 1213 1920">
    <p class='ocr_par' dir='ltr' id='par_1_4' title="bbox 54 1187 1213 1920">
     <span class='ocr_line' id='line_1_8' title="bbox 141 1187 1142 1287; baseline 0.002 -34"><span class='ocrx_word' id='word_1_40' title='bbox 141 1189 246 1273; x_wconf 75' lang='lat' dir='ltr'>Neque</span> <span class='ocrx_word' id='word_1_41' title='bbox 267 1192 342 1249; x_wconf 87' lang='lat' dir='ltr'>euim</span> <span class='ocrx_word' id='word_1_42' title='bbox 365 1187 475 1268; x_wconf 79' lang='lat' dir='ltr'>defuit,</span> <span class='ocrx_word' id='word_1_43' title='bbox 503 1195 556 1273; x_wconf 84' lang='lat' dir='ltr'>qui</span> <span class='ocrx_word' id='word_1_44' title='bbox 573 1192 718 1251; x_wconf 79' lang='lat' dir='ltr'>diversam</span> <span class='ocrx_word' id='word_1_45' title='bbox 743 1213 857 1287; x_wconf 71' lang='lat' dir='ltr'>quoque</span> <span class='ocrx_word' id='word_1_46' title='bbox 874 1204 992 1274; x_wconf 86' lang='lat' dir='ltr'>partem</span> <span class='ocrx_word' id='word_1_47' title='bbox 1012 1200 1142 1277; x_wconf 83' lang='lat' dir='ltr'>suscipe-</span> 
     </span>
     <span class='ocr_line' id='line_1_9' title="bbox 55 1269 1143 1355; baseline 0.005 -24"><span class='ocrx_word' id='word_1_48' title='bbox 55 1269 123 1354; x_wconf 80' lang='lat' dir='ltr'>ret]</span> <span class='ocrx_word' id='word_1_49' title='bbox 160 1272 302 1332; x_wconf 78' lang='lat' dir='ltr'>Diuersus</span> <span class='ocrx_word' id='word_1_50' title='bbox 323 1282 416 1333; x_wconf 87' lang='lat' dir='ltr'>aetate</span> <span class='ocrx_word' id='word_1_51' title='bbox 442 1284 578 1355; x_wconf 80' lang='lat' dir='ltr'>argentea</span> <span class='ocrx_word' id='word_1_52' title='bbox 601 1273 637 1333; x_wconf 87' lang='lat' dir='ltr'>de</span> <span class='ocrx_word' id='word_1_53' title='bbox 666 1273 857 1347; x_wconf 80' lang='lat' dir='ltr'>adversariis,</span> <span class='ocrx_word' id='word_1_54' title='bbox 888 1274 1023 1345; x_wconf 81' lang='lat' dir='ltr'>hostibus</span> <span class='ocrx_word' id='word_1_55' title='bbox 1045 1277 1143 1337; x_wconf 71' lang='lat' dir='ltr'>omni·</span> 
     </span>
     <span class='ocr_line' id='line_1_10' title="bbox 54 1346 1143 1434; baseline 0.003 -21"><span class='ocrx_word' id='word_1_56' title='bbox 54 1346 176 1433; x_wconf 91' lang='lat' dir='ltr'>busque</span> <span class='ocrx_word' id='word_1_57' title='bbox 196 1353 285 1415; x_wconf 89' lang='lat' dir='ltr'>rebus</span> <span class='ocrx_word' id='word_1_58' title='bbox 313 1352 348 1412; x_wconf 86' lang='lat' dir='ltr'>ad</span> <span class='ocrx_word' id='word_1_59' title='bbox 377 1365 474 1433; x_wconf 87' lang='lat' dir='ltr'>partes</span> <span class='ocrx_word' id='word_1_60' title='bbox 503 1353 703 1415; x_wconf 80' lang='lat' dir='ltr'>discordantes</span> <span class='ocrx_word' id='word_1_61' title='bbox 729 1354 945 1434; x_wconf 88' lang='lat' dir='ltr'>pertinentibus</span> <span class='ocrx_word' id='word_1_62' title='bbox 968 1357 1075 1418; x_wconf 89' lang='lat' dir='ltr'>dicitur</span> <span class='ocrx_word' id='word_1_63' title='bbox 1094 1358 1143 1419; x_wconf 86' lang='lat' dir='ltr'>vd.</span> 
     </span>
     <span class='ocr_line' id='line_1_11' title="bbox 56 1428 1197 1517; baseline 0.004 -23"><span class='ocrx_word' id='word_1_64' title='bbox 56 1445 161 1494; x_wconf 83' lang='lat' dir='ltr'>annot.</span> <span class='ocrx_word' id='word_1_65' title='bbox 183 1435 218 1496; x_wconf 90' lang='lat' dir='ltr'>ad</span> <span class='ocrx_word' id='word_1_66' title='bbox 240 1457 283 1516; x_wconf 88' lang='lat' dir='ltr'>cp.</span> <span class='ocrx_word' id='word_1_67' title='bbox 306 1436 355 1495; x_wconf 86' lang='grc'>34.</span> <span class='ocrx_word' id='word_1_68' title='bbox 396 1435 524 1495; x_wconf 73' lang='lat' dir='ltr'>Diuersa</span> <span class='ocrx_word' id='word_1_69' title='bbox 544 1457 619 1517; x_wconf 86' lang='lat' dir='ltr'>pars</span> <span class='ocrx_word' id='word_1_70' title='bbox 641 1435 879 1514; x_wconf 78' lang='lat' dir='ltr'>frequentatore</span> <span class='ocrx_word' id='word_1_71' title='bbox 900 1437 1027 1513; x_wconf 84' lang='lat' dir='ltr'>Quintil.</span> <span class='ocrx_word' id='word_1_72' title='bbox 1044 1442 1094 1511; x_wconf 80' lang='grc' dir='ltr'>Ν,</span> <span class='ocrx_word' id='word_1_73' title='bbox 1113 1444 1143 1516; x_wconf 84' lang='lat' dir='ltr'>t,</span> <span class='ocrx_word' id='word_1_74' title='bbox 1193 1428 1197 1441; x_wconf 65' lang='grc'><strong>’</strong></span> 
     </span>
     <span class='ocr_line' id='line_1_12' title="bbox 55 1513 1144 1599; baseline -0.001 -23"><span class='ocrx_word' id='word_1_75' title='bbox 55 1517 109 1576; x_wconf 80' lang='grc'>54.</span> <span class='ocrx_word' id='word_1_76' title='bbox 132 1518 186 1592; x_wconf 84' lang='lat' dir='ltr'>IV,</span> <span class='ocrx_word' id='word_1_77' title='bbox 203 1523 232 1589; x_wconf 84' lang='lat'>2,</span> <span class='ocrx_word' id='word_1_78' title='bbox 256 1523 283 1576; x_wconf 91' lang='grc'>6.</span> <span class='ocrx_word' id='word_1_79' title='bbox 310 1522 377 1576; x_wconf 83' lang='lat'><strong>102.</strong></span> <span class='ocrx_word' id='word_1_80' title='bbox 415 1513 555 1576; x_wconf 88' lang='lat' dir='ltr'>Ceterum</span> <span class='ocrx_word' id='word_1_81' title='bbox 575 1516 606 1574; x_wconf 92' lang='lat' dir='ltr'>iu</span> <span class='ocrx_word' id='word_1_82' title='bbox 625 1515 751 1575; x_wconf 86' lang='lat' dir='ltr'>formula</span> <span class='ocrx_word' id='word_1_83' title='bbox 766 1528 883 1597; x_wconf 85' lang='lat' dir='ltr'>partem</span> <span class='ocrx_word' id='word_1_84' title='bbox 903 1523 1046 1579; x_wconf 85' lang='lat' dir='ltr'>sustinere</span> <span class='ocrx_word' id='word_1_85' title='bbox 1063 1519 1144 1599; x_wconf 67' lang='lat' dir='ltr'>aliis.</span> 
     </span>
     <span class='ocr_line' id='line_1_13' title="bbox 56 1596 1213 1681; baseline 0.004 -25"><span class='ocrx_word' id='word_1_86' title='bbox 56 1618 117 1677; x_wconf 89' lang='lat' dir='ltr'>que</span> <span class='ocrx_word' id='word_1_87' title='bbox 138 1619 156 1656; x_wconf 85' lang='lat' dir='ltr'>a</span> <span class='ocrx_word' id='word_1_88' title='bbox 174 1618 209 1655; x_wconf 89' lang='lat' dir='ltr'>re</span> <span class='ocrx_word' id='word_1_89' title='bbox 231 1596 344 1657; x_wconf 84' lang='lat' dir='ltr'>scenica</span> <span class='ocrx_word' id='word_1_90' title='bbox 365 1597 525 1678; x_wconf 84' lang='lat' dir='ltr'>desumptis</span> <span class='ocrx_word' id='word_1_91' title='bbox 546 1597 665 1678; x_wconf 87' lang='lat' dir='ltr'>pluralis</span> <span class='ocrx_word' id='word_1_92' title='bbox 684 1608 805 1678; x_wconf 84' lang='lat' dir='ltr'>partes,</span> <span class='ocrx_word' id='word_1_93' title='bbox 835 1611 870 1659; x_wconf 89' lang='lat' dir='ltr'>ut</span> <span class='ocrx_word' id='word_1_94' title='bbox 886 1622 917 1681; x_wconf 85' lang='lat' dir='ltr'>p.</span> <span class='ocrx_word' id='word_1_95' title='bbox 940 1621 1047 1676; x_wconf 74' lang='lat' dir='ltr'>agere,</span> <span class='ocrx_word' id='word_1_96' title='bbox 1076 1622 1142 1660; x_wconf 89' lang='lat' dir='ltr'>sus-</span> <span class='ocrx_word' id='word_1_97' title='bbox 1210 1613 1213 1618; x_wconf 88' lang='lat'>&#39;</span> 
     </span>
     <span class='ocr_line' id='line_1_14' title="bbox 57 1678 1144 1763; baseline 0.005 -25"><span class='ocrx_word' id='word_1_98' title='bbox 57 1678 172 1753; x_wconf 82' lang='lat' dir='ltr'>tinere,</span> <span class='ocrx_word' id='word_1_99' title='bbox 206 1678 281 1737; x_wconf 82' lang='lat' dir='ltr'>dore</span> <span class='ocrx_word' id='word_1_100' title='bbox 309 1689 382 1753; x_wconf 81' lang='lat' dir='ltr'>eto,</span> <span class='ocrx_word' id='word_1_101' title='bbox 419 1679 559 1738; x_wconf 80' lang='lat' dir='ltr'>usitatior</span> <span class='ocrx_word' id='word_1_102' title='bbox 585 1689 640 1738; x_wconf 90' lang='lat' dir='ltr'>est.</span> <span class='ocrx_word' id='word_1_103' title='bbox 683 1680 840 1738; x_wconf 78' lang='lat' dir='ltr'>Diuersam</span> <span class='ocrx_word' id='word_1_104' title='bbox 866 1690 985 1760; x_wconf 83' lang='lat' dir='ltr'>partem</span> <span class='ocrx_word' id='word_1_105' title='bbox 1013 1682 1144 1763; x_wconf 86' lang='lat' dir='ltr'>suscepit</span> 
     </span>
     <span class='ocr_line' id='line_1_15' title="bbox 55 1759 1143 1920; baseline 0.003 -100"><span class='ocrx_word' id='word_1_106' title='bbox 55 1759 144 1840; x_wconf 69' lang='lat' dir='ltr'>Aper</span> <span class='ocrx_word' id='word_1_107' title='bbox 165 1764 427 1841; x_wconf 62' lang='lat' dir='ltr'>capp015-23.²</span> <span class='ocrx_word' id='word_1_108' title='bbox 452 1782 508 1840; x_wconf 92' lang='lat' dir='ltr'>pro</span> <span class='ocrx_word' id='word_1_109' title='bbox 528 1780 597 1920; x_wconf 54' lang='lat' dir='ltr'>pao</span> <span class='ocrx_word' id='word_1_110' title='bbox 629 1781 672 1840; x_wconf 90' lang='lat' dir='ltr'>cp.</span> <span class='ocrx_word' id='word_1_111' title='bbox 694 1762 743 1820; x_wconf 87' lang='grc'>24.</span> <span class='ocrx_word' id='word_1_112' title='bbox 772 1765 895 1839; x_wconf 79' lang='lat' dir='ltr'>sumpsit</span> <span class='ocrx_word' id='word_1_113' title='bbox 914 1763 972 1821; x_wconf 81' lang='lat' dir='ltr'>sibi</span> <span class='ocrx_word' id='word_1_114' title='bbox 990 1764 1143 1823; x_wconf 85' lang='lat' dir='ltr'>contradi·</span> 
     </span>
    </p>
   </div>
   <div class='ocr_carea' id='block_1_5' title="bbox 58 1841 1233 1923">
    <p class='ocr_par' dir='ltr' id='par_1_5' title="bbox 58 1841 1233 1923">
     <span class='ocr_line' id='line_1_16' title="bbox 58 1841 1233 1923; baseline 0.004 -23"><span class='ocrx_word' id='word_1_115' title='bbox 58 1841 149 1900; x_wconf 83' lang='lat' dir='ltr'>cendi</span> <span class='ocrx_word' id='word_1_116' title='bbox 165 1852 286 1921; x_wconf 77' lang='lat' dir='ltr'>partes,</span> <span class='ocrx_word' id='word_1_117' title='bbox 316 1863 361 1923; x_wconf 89' lang='lat' dir='ltr'>cp.</span> <span class='ocrx_word' id='word_1_118' title='bbox 385 1847 432 1901; x_wconf 87' lang='lat'>16.</span> <span class='ocrx_word' id='word_1_119' title='bbox 454 1845 537 1900; x_wconf 87' lang='lat' dir='ltr'>maai</span> <span class='ocrx_word' id='word_1_120' title='bbox 549 1846 629 1901; x_wconf 85' lang='lat' dir='ltr'>estus&#39;</span> <span class='ocrx_word' id='word_1_121' title='bbox 647 1850 693 1899; x_wconf 86' lang='lat' dir='ltr'>est</span> <span class='ocrx_word' id='word_1_122' title='bbox 713 1841 885 1901; x_wconf 89' lang='lat' dir='ltr'>iamdudum</span> <span class='ocrx_word' id='word_1_123' title='bbox 906 1845 938 1902; x_wconf 86' lang='lat' dir='ltr'>in</span> <span class='ocrx_word' id='word_1_124' title='bbox 958 1848 1142 1907; x_wconf 84' lang='lat' dir='ltr'>contrarium</span> <span class='ocrx_word' id='word_1_125' title='bbox 1217 1846 1233 1905; x_wconf 76' lang='lat'>,⁸</span> 
     </span>
    </p>
   </div>
   <div class='ocr_carea' id='block_1_6' title="bbox 50 1943 1225 2511">
    <p class='ocr_par' dir='ltr' id='par_1_6' title="bbox 56 1943 186 1998">
     <span class='ocr_line' id='line_1_17' title="bbox 56 1943 186 1998; baseline 0 -16"><span class='ocrx_word' id='word_1_126' title='bbox 56 1943 186 1998; x_wconf 72' lang='lat' dir='ltr'>aeaaugr.</span> 
     </span>
    </p>

    <p class='ocr_par' dir='ltr' id='par_1_7' title="bbox 50 2018 1225 2511">
     <span class='ocr_line' id='line_1_18' title="bbox 141 2018 1225 2162; baseline 0.004 -81"><span class='ocrx_word' id='word_1_127' title='bbox 141 2041 180 2082; x_wconf 85' lang='lat' dir='ltr'>aa</span> <span class='ocrx_word' id='word_1_128' title='bbox 201 2021 323 2080; x_wconf 86' lang='lat' dir='ltr'>multum</span> <span class='ocrx_word' id='word_1_129' title='bbox 348 2029 458 2080; x_wconf 75' lang='lat' dir='ltr'>uexata</span> <span class='ocrx_word' id='word_1_130' title='bbox 479 2030 509 2079; x_wconf 86' lang='lat' dir='ltr'>et</span> <span class='ocrx_word' id='word_1_131' title='bbox 528 2023 619 2083; x_wconf 82' lang='lat' dir='ltr'>irrisa</span> <span class='ocrx_word' id='word_1_132' title='bbox 641 2018 801 2162; x_wconf 47' lang='lat' dir='ltr'>uetustate}</span> <span class='ocrx_word' id='word_1_133' title='bbox 826 2022 942 2083; x_wconf 76' lang='lat' dir='ltr'>t&#39;caare</span> <span class='ocrx_word' id='word_1_134' title='bbox 962 2021 981 2081; x_wconf 94' lang='lat' dir='ltr'>i.</span> <span class='ocrx_word' id='word_1_135' title='bbox 1003 2045 1031 2104; x_wconf 89' lang='lat' dir='ltr'>q.</span> <span class='ocrx_word' id='word_1_136' title='bbox 1050 2025 1142 2086; x_wconf 85' lang='lat' dir='ltr'>vebo·</span> <span class='ocrx_word' id='word_1_137' title='bbox 1222 2022 1225 2027; x_wconf 66' lang='grc'><strong><em>’</em></strong></span> 
     </span>
     <span class='ocr_line' id='line_1_19' title="bbox 57 2100 1142 2183; baseline 0.005 -22"><span class='ocrx_word' id='word_1_138' title='bbox 57 2113 175 2163; x_wconf 85' lang='lat' dir='ltr'>menter</span> <span class='ocrx_word' id='word_1_139' title='bbox 189 2123 307 2183; x_wconf 87' lang='lat' dir='ltr'>carpere</span> <span class='ocrx_word' id='word_1_140' title='bbox 317 2100 738 2183; x_wconf 88' lang='lat' dir='ltr'>-repreheudere-notare</span> <span class='ocrx_word' id='word_1_141' title='bbox 757 2124 776 2161; x_wconf 91' lang='lat' dir='ltr'>v</span> <span class='ocrx_word' id='word_1_142' title='bbox 798 2147 805 2161; x_wconf 88' lang='lat'>.</span> <span class='ocrx_word' id='word_1_143' title='bbox 821 2100 882 2164; x_wconf 83' lang='lat' dir='ltr'>Cic.</span> <span class='ocrx_word' id='word_1_144' title='bbox 899 2105 988 2164; x_wconf 88' lang='lat' dir='ltr'>Tusc.</span> <span class='ocrx_word' id='word_1_145' title='bbox 1000 2108 1038 2178; x_wconf 84' lang='lat' dir='ltr'>V,</span> <span class='ocrx_word' id='word_1_146' title='bbox 1051 2111 1081 2180; x_wconf 80' lang='lat'>9,</span> <span class='ocrx_word' id='word_1_147' title='bbox 1092 2109 1142 2169; x_wconf 78' lang='lat'>24.</span> 
     </span>
     <span class='ocr_line' id='line_1_20' title="bbox 50 2183 1142 2266; baseline 0.005 -24"><span class='ocrx_word' id='word_1_148' title='bbox 50 2183 162 2265; x_wconf 59' lang='lat' dir='ltr'>uptam</span> <span class='ocrx_word' id='word_1_149' title='bbox 176 2184 212 2243; x_wconf 88' lang='lat' dir='ltr'>ad</span> <span class='ocrx_word' id='word_1_150' title='bbox 234 2184 273 2258; x_wconf 86' lang='lat' dir='ltr'>Q.</span> <span class='ocrx_word' id='word_1_151' title='bbox 292 2184 341 2242; x_wconf 84' lang='lat' dir='ltr'>Fr.</span> <span class='ocrx_word' id='word_1_152' title='bbox 363 2185 399 2260; x_wconf 80' lang='lat' dir='ltr'>tt,</span> <span class='ocrx_word' id='word_1_153' title='bbox 422 2188 448 2244; x_wconf 94' lang='lat'>1.</span> <span class='ocrx_word' id='word_1_154' title='bbox 476 2184 525 2242; x_wconf 84' lang='lat' dir='ltr'>Fr.</span> <span class='ocrx_word' id='word_1_155' title='bbox 547 2184 683 2246; x_wconf 83' lang='lat' dir='ltr'>Gronov.</span> <span class='ocrx_word' id='word_1_156' title='bbox 702 2184 848 2245; x_wconf 81' lang='lat' dir='ltr'>Observv.</span> <span class='ocrx_word' id='word_1_157' title='bbox 868 2207 898 2266; x_wconf 87' lang='lat' dir='ltr'>p.</span> <span class='ocrx_word' id='word_1_158' title='bbox 920 2191 990 2246; x_wconf 80' lang='lat'><strong>3⁵1.</strong></span> <span class='ocrx_word' id='word_1_159' title='bbox 1013 2185 1142 2249; x_wconf 87' lang='lat' dir='ltr'>Platner.</span> 
     </span>
     <span class='ocr_line' id='line_1_21' title="bbox 56 2265 1141 2349; baseline 0.006 -25"><span class='ocrx_word' id='word_1_160' title='bbox 56 2265 137 2324; x_wconf 77' lang='lat' dir='ltr'>lutra</span> <span class='ocrx_word' id='word_1_161' title='bbox 159 2287 204 2346; x_wconf 88' lang='lat' dir='ltr'>cp.</span> <span class='ocrx_word' id='word_1_162' title='bbox 218 2268 267 2325; x_wconf 84' lang='lat'>24.</span> <span class='ocrx_word' id='word_1_163' title='bbox 289 2285 399 2324; x_wconf 78' lang='lat' dir='ltr'>eeaare</span> <span class='ocrx_word' id='word_1_164' title='bbox 412 2301 451 2314; x_wconf 91' lang='lat'>-</span> <span class='ocrx_word' id='word_1_165' title='bbox 468 2267 667 2340; x_wconf 82' lang='lat' dir='ltr'>incessere-</span> <span class='ocrx_word' id='word_1_166' title='bbox 683 2269 827 2325; x_wconf 82' lang='lat' dir='ltr'>inscctari</span> <span class='ocrx_word' id='word_1_167' title='bbox 845 2266 881 2326; x_wconf 90' lang='lat' dir='ltr'>de</span> <span class='ocrx_word' id='word_1_168' title='bbox 898 2266 982 2349; x_wconf 80' lang='lat' dir='ltr'>Apro</span> <span class='ocrx_word' id='word_1_169' title='bbox 1003 2268 1141 2349; x_wconf 81' lang='lat' dir='ltr'>antiquos</span> 
     </span>
     <span class='ocr_line' id='line_1_22' title="bbox 57 2349 1143 2430; baseline 0.004 -23"><span class='ocrx_word' id='word_1_170' title='bbox 57 2359 213 2427; x_wconf 80' lang='lat' dir='ltr'>carpente:</span> <span class='ocrx_word' id='word_1_171' title='bbox 236 2368 280 2427; x_wconf 91' lang='lat' dir='ltr'>cp.</span> <span class='ocrx_word' id='word_1_172' title='bbox 300 2349 349 2407; x_wconf 88' lang='grc'>40.</span> <span class='ocrx_word' id='word_1_173' title='bbox 372 2366 481 2405; x_wconf 80' lang='lat' dir='ltr'>oeaare</span> <span class='ocrx_word' id='word_1_174' title='bbox 501 2351 736 2427; x_wconf 82' lang='lat' dir='ltr'>potentissimum</span> <span class='ocrx_word' id='word_1_175' title='bbox 757 2368 908 2430; x_wconf 81' lang='lat' dir='ltr'>quemque.</span> <span class='ocrx_word' id='word_1_176' title='bbox 923 2382 962 2396; x_wconf 90' lang='lat'><em>-</em></span> <span class='ocrx_word' id='word_1_177' title='bbox 1006 2351 1143 2413; x_wconf 74' lang='lat' dir='ltr'>Vetusius</span> 
     </span>
     <span class='ocr_line' id='line_1_23' title="bbox 56 2427 988 2511; baseline 0.002 -23"><span class='ocrx_word' id='word_1_178' title='bbox 56 2447 114 2509; x_wconf 88' lang='lat' dir='ltr'>pro</span> <span class='ocrx_word' id='word_1_179' title='bbox 133 2427 259 2489; x_wconf 82' lang='lat' dir='ltr'>vetustis</span> <span class='ocrx_word' id='word_1_180' title='bbox 279 2438 314 2488; x_wconf 88' lang='lat' dir='ltr'>ut</span> <span class='ocrx_word' id='word_1_181' title='bbox 333 2427 412 2486; x_wconf 81' lang='lat' dir='ltr'>Anu.</span> <span class='ocrx_word' id='word_1_182' title='bbox 433 2429 501 2504; x_wconf 80' lang='lat' dir='ltr'>XV,</span> <span class='ocrx_word' id='word_1_183' title='bbox 523 2432 570 2487; x_wconf 81' lang='lat'>13.</span> <span class='ocrx_word' id='word_1_184' title='bbox 590 2432 754 2511; x_wconf 78' lang='lat' dir='ltr'>antiquitas</span> <span class='ocrx_word' id='word_1_185' title='bbox 773 2449 830 2509; x_wconf 88' lang='lat' dir='ltr'>pro</span> <span class='ocrx_word' id='word_1_186' title='bbox 849 2429 988 2511; x_wconf 85' lang='lat' dir='ltr'>antiquis.</span> 
     </span>
    </p>
   </div>
   <div class='ocr_carea' id='block_1_7' title="bbox 57 2536 1217 2784">
    <p class='ocr_par' dir='ltr' id='par_1_8' title="bbox 57 2536 1217 2784">
     <span class='ocr_line' id='line_1_24' title="bbox 120 2536 1207 2623; baseline 0.003 -22"><span class='ocrx_word' id='word_1_187' title='bbox 120 2538 193 2623; x_wconf 78' lang='lat' dir='ltr'>cap.</span> <span class='ocrx_word' id='word_1_188' title='bbox 214 2542 248 2599; x_wconf 87' lang='grc' dir='ltr'>ΙΙ.</span> <span class='ocrx_word' id='word_1_189' title='bbox 288 2549 408 2621; x_wconf 84' lang='lat' dir='ltr'>postero</span> <span class='ocrx_word' id='word_1_190' title='bbox 430 2539 478 2597; x_wconf 85' lang='lat' dir='ltr'>dte</span> <span class='ocrx_word' id='word_1_191' title='bbox 519 2536 605 2621; x_wconf 89' lang='lat' dir='ltr'>uam]</span> <span class='ocrx_word' id='word_1_192' title='bbox 643 2538 809 2599; x_wconf 77' lang='lat' dir='ltr'>Fluxemnt</span> <span class='ocrx_word' id='word_1_193' title='bbox 836 2560 872 2599; x_wconf 83' lang='lat' dir='ltr'>ex</span> <span class='ocrx_word' id='word_1_194' title='bbox 894 2539 1057 2602; x_wconf 87' lang='lat' dir='ltr'>imitatione</span> <span class='ocrx_word' id='word_1_195' title='bbox 1078 2539 1139 2604; x_wconf 82' lang='lat' dir='ltr'>Cic.</span> <span class='ocrx_word' id='word_1_196' title='bbox 1204 2612 1207 2619; x_wconf 46' lang='grc'>,</span> 
     </span>
     <span class='ocr_line' id='line_1_25' title="bbox 58 2620 1217 2702; baseline 0.003 -22"><span class='ocrx_word' id='word_1_197' title='bbox 58 2620 95 2682; x_wconf 86' lang='lat' dir='ltr'>de</span> <span class='ocrx_word' id='word_1_198' title='bbox 127 2621 249 2682; x_wconf 85' lang='lat' dir='ltr'>Orator.</span> <span class='ocrx_word' id='word_1_199' title='bbox 268 2622 305 2697; x_wconf 81' lang='lat' dir='ltr'>ll,</span> <span class='ocrx_word' id='word_1_200' title='bbox 334 2626 365 2696; x_wconf 80' lang='lat'>3,</span> <span class='ocrx_word' id='word_1_201' title='bbox 396 2625 444 2681; x_wconf 87' lang='lat'>12.</span> <span class='ocrx_word' id='word_1_202' title='bbox 523 2630 619 2679; x_wconf 86' lang='lat' dir='ltr'>astera</span> <span class='ocrx_word' id='word_1_203' title='bbox 648 2623 741 2694; x_wconf 75' lang='lat' dir='ltr'>igitur</span> <span class='ocrx_word' id='word_1_204' title='bbox 769 2622 835 2697; x_wconf 79' lang='lat' dir='ltr'>die,</span> <span class='ocrx_word' id='word_1_205' title='bbox 866 2641 956 2702; x_wconf 73' lang='lat' dir='ltr'>paam</span> <span class='ocrx_word' id='word_1_206' title='bbox 976 2624 1030 2682; x_wconf 82' lang='lat' dir='ltr'>illa</span> <span class='ocrx_word' id='word_1_207' title='bbox 1055 2634 1142 2685; x_wconf 82' lang='lat' dir='ltr'>eraut</span> <span class='ocrx_word' id='word_1_208' title='bbox 1214 2633 1217 2638; x_wconf 84' lang='lat'>&#39;</span> 
     </span>
     <span class='ocr_line' id='line_1_26' title="bbox 57 2700 1141 2784; baseline 0.004 -23"><span class='ocrx_word' id='word_1_209' title='bbox 57 2712 132 2763; x_wconf 84' lang='lat' dir='ltr'>acta</span> <span class='ocrx_word' id='word_1_210' title='bbox 153 2714 209 2765; x_wconf 86' lang='lat' dir='ltr'>etc.</span> <span class='ocrx_word' id='word_1_211' title='bbox 256 2702 331 2762; x_wconf 83' lang='lat' dir='ltr'>Nar&#39;u</span> <span class='ocrx_word' id='word_1_212' title='bbox 357 2701 492 2761; x_wconf 89' lang='lat' dir='ltr'>Tacitum</span> <span class='ocrx_word' id='word_1_213' title='bbox 520 2700 550 2759; x_wconf 90' lang='lat' dir='ltr'>io</span> <span class='ocrx_word' id='word_1_214' title='bbox 579 2700 705 2784; x_wconf 82' lang='lat' dir='ltr'>Diaiogo</span> <span class='ocrx_word' id='word_1_215' title='bbox 734 2700 888 2763; x_wconf 86' lang='lat' dir='ltr'>Ciceronis</span> <span class='ocrx_word' id='word_1_216' title='bbox 914 2701 980 2763; x_wconf 81' lang='lat' dir='ltr'>tibr.</span> <span class='ocrx_word' id='word_1_217' title='bbox 1000 2704 1037 2763; x_wconf 89' lang='lat' dir='ltr'>de</span> <span class='ocrx_word' id='word_1_218' title='bbox 1063 2704 1141 2765; x_wconf 78' lang='lat' dir='ltr'>Ora-</span> 
     </span>
    </p>
   </div>
   <div class='ocr_carea' id='block_1_8' title="bbox 44 2783 1257 2864">
    <p class='ocr_par' dir='ltr' id='par_1_9' title="bbox 44 2783 1257 2864">
     <span class='ocr_line' id='line_1_27' title="bbox 44 2783 1257 2864; baseline 0.002 -19"><span class='ocrx_word' id='word_1_219' title='bbox 44 2795 145 2859; x_wconf 81' lang='lat' dir='ltr'>tore,</span> <span class='ocrx_word' id='word_1_220' title='bbox 178 2783 335 2844; x_wconf 86' lang='lat' dir='ltr'>Oratorem</span> <span class='ocrx_word' id='word_1_221' title='bbox 361 2795 391 2842; x_wconf 90' lang='lat' dir='ltr'>et</span> <span class='ocrx_word' id='word_1_222' title='bbox 411 2784 537 2842; x_wconf 87' lang='lat' dir='ltr'>Brutum</span> <span class='ocrx_word' id='word_1_223' title='bbox 564 2783 750 2864; x_wconf 88' lang='lat' dir='ltr'>potissimum</span> <span class='ocrx_word' id='word_1_224' title='bbox 778 2795 845 2844; x_wconf 87' lang='lat' dir='ltr'>ante</span> <span class='ocrx_word' id='word_1_225' title='bbox 872 2783 975 2844; x_wconf 88' lang='lat' dir='ltr'>oculos</span> <span class='ocrx_word' id='word_1_226' title='bbox 1003 2783 1141 2848; x_wconf 85' lang='lat' dir='ltr'>babuisse</span> <span class='ocrx_word' id='word_1_227' title='bbox 1253 2810 1257 2823; x_wconf 44' lang='lat' dir='ltr'>t</span> 
     </span>
    </p>
   </div>
   <div class='ocr_carea' id='block_1_9' title="bbox 56 2863 1178 3436">
    <p class='ocr_par' dir='ltr' id='par_1_10' title="bbox 56 2863 1178 3436">
     <span class='ocr_line' id='line_1_28' title="bbox 57 2863 1140 2945; baseline 0.002 -20"><span class='ocrx_word' id='word_1_228' title='bbox 57 2864 172 2926; x_wconf 84' lang='lat' dir='ltr'>&#39;collatis</span> <span class='ocrx_word' id='word_1_229' title='bbox 194 2864 350 2944; x_wconf 86' lang='lat' dir='ltr'>utriusque</span> <span class='ocrx_word' id='word_1_230' title='bbox 371 2864 523 2945; x_wconf 87' lang='lat' dir='ltr'>scriptoris</span> <span class='ocrx_word' id='word_1_231' title='bbox 541 2863 614 2924; x_wconf 92' lang='lat' dir='ltr'>locis</span> <span class='ocrx_word' id='word_1_232' title='bbox 635 2864 711 2924; x_wconf 92' lang='lat' dir='ltr'>bene</span> <span class='ocrx_word' id='word_1_233' title='bbox 733 2865 834 2926; x_wconf 88' lang='lat' dir='ltr'>docuit</span> <span class='ocrx_word' id='word_1_234' title='bbox 848 2863 1035 2926; x_wconf 82' lang='lat' dir='ltr'>Klossrnanu.</span> <span class='ocrx_word' id='word_1_235' title='bbox 1062 2867 1140 2927; x_wconf 89' lang='lat' dir='ltr'>Pro-</span> 
     </span>
     <span class='ocr_line' id='line_1_29' title="bbox 57 2944 1140 3031; baseline 0.004 -26"><span class='ocrx_word' id='word_1_236' title='bbox 57 2944 329 3031; x_wconf 78' lang='lat' dir='ltr'>legg.sd1)ialog.</span> <span class='ocrx_word' id='word_1_237' title='bbox 356 2968 385 3028; x_wconf 87' lang='lat' dir='ltr'>p.</span> <span class='ocrx_word' id='word_1_238' title='bbox 400 2948 435 3006; x_wconf 79' lang='grc'>’4.</span> <span class='ocrx_word' id='word_1_239' title='bbox 455 2945 609 3007; x_wconf 83' lang='lat' dir='ltr'>Vratislav.</span> <span class='ocrx_word' id='word_1_240' title='bbox 634 2951 721 3006; x_wconf 82' lang='grc'><strong>1833.</strong></span> <span class='ocrx_word' id='word_1_241' title='bbox 740 2949 770 3006; x_wconf 89' lang='grc'>4.</span> <span class='ocrx_word' id='word_1_242' title='bbox 820 2946 946 3006; x_wconf 85' lang='lat' dir='ltr'>Postero</span> <span class='ocrx_word' id='word_1_243' title='bbox 974 2947 1022 3006; x_wconf 82' lang='lat' dir='ltr'>dia</span> <span class='ocrx_word' id='word_1_244' title='bbox 1048 2970 1140 3030; x_wconf 74' lang='lat' dir='ltr'>quam</span> 
     </span>
     <span class='ocr_line' id='line_1_30' title="bbox 56 3025 1178 3126; baseline 0.002 -39"><span class='ocrx_word' id='word_1_245' title='bbox 56 3029 84 3087; x_wconf 86' lang='lat' dir='ltr'>i.&#39;</span> <span class='ocrx_word' id='word_1_246' title='bbox 99 3049 128 3108; x_wconf 84' lang='lat' dir='ltr'>q.</span> <span class='ocrx_word' id='word_1_247' title='bbox 147 3027 291 3126; x_wconf 76' lang='lat' dir='ltr'>ppstridie</span> <span class='ocrx_word' id='word_1_248' title='bbox 318 3048 404 3111; x_wconf 86' lang='lat' dir='ltr'>quam</span> <span class='ocrx_word' id='word_1_249' title='bbox 423 3026 470 3087; x_wconf 85' lang='lat' dir='ltr'>vd.</span> <span class='ocrx_word' id='word_1_250' title='bbox 491 3026 609 3086; x_wconf 82' lang='lat' dir='ltr'>Ramsh.</span> <span class='ocrx_word' id='word_1_251' title='bbox 631 3028 685 3088; x_wconf 90' lang='lat' dir='ltr'>Gr.</span> <span class='ocrx_word' id='word_1_252' title='bbox 707 3025 735 3109; x_wconf 59' lang='grc' dir='ltr'>ᾖ.</span> <span class='ocrx_word' id='word_1_253' title='bbox 760 3030 828 3117; x_wconf 87' lang='grc'><strong>148.</strong></span> <span class='ocrx_word' id='word_1_254' title='bbox 851 3028 887 3088; x_wconf 89' lang='grc' dir='ltr'>Ν.</span> <span class='ocrx_word' id='word_1_255' title='bbox 906 3032 934 3087; x_wconf 93' lang='grc'>1.</span> <span class='ocrx_word' id='word_1_256' title='bbox 947 3027 976 3089; x_wconf 90' lang='lat' dir='ltr'>b.</span> <span class='ocrx_word' id='word_1_257' title='bbox 1000 3034 1066 3089; x_wconf 87' lang='grc'><strong>185.</strong></span> <span class='ocrx_word' id='word_1_258' title='bbox 1082 3032 1138 3103; x_wconf 78' lang='lat' dir='ltr'>tt.;</span> <span class='ocrx_word' id='word_1_259' title='bbox 1176 3101 1178 3108; x_wconf 21' lang='grc' dir='ltr'>Ι</span> 
     </span>
     <span class='ocr_line' id='line_1_31' title="bbox 58 3107 1138 3273; baseline 0 -23"><span class='ocrx_word' id='word_1_260' title='bbox 58 3129 156 3251; x_wconf 69' lang='lat' dir='ltr'>t‘t&#39;t.</span> <span class='ocrx_word' id='word_1_261' title='bbox 170 3132 239 3251; x_wconf 75' lang='lat' dir='ltr'>tt·</span> <span class='ocrx_word' id='word_1_262' title='bbox 252 3107 1138 3273; x_wconf 54' lang='lat' dir='ltr'>ttt‘tttfflttttkd‘tttttttfbifftttts33:</span> 
     </span>
     <span class='ocr_line' id='line_1_32' title="bbox 56 3212 1140 3436; baseline -0.002 -104"><span class='ocrx_word' id='word_1_263' title='bbox 56 3212 245 3436; x_wconf 51' lang='lat' dir='ltr'>Erffibialp.</span> <span class='ocrx_word' id='word_1_264' title='bbox 270 3277 355 3350; x_wconf 58' lang='lat'>963„</span> <span class='ocrx_word' id='word_1_265' title='bbox 383 3282 419 3330; x_wconf 89' lang='lat' dir='ltr'>ut</span> <span class='ocrx_word' id='word_1_266' title='bbox 437 3269 536 3333; x_wconf 84' lang='lat' dir='ltr'>verbis</span> <span class='ocrx_word' id='word_1_267' title='bbox 560 3270 633 3331; x_wconf 85' lang='lat' dir='ltr'>insit</span> <span class='ocrx_word' id='word_1_268' title='bbox 658 3270 703 3333; x_wconf 75' lang='lat' dir='ltr'>vis</span> <span class='ocrx_word' id='word_1_269' title='bbox 724 3270 933 3359; x_wconf 82' lang='lat' dir='ltr'>comparativi,</span> <span class='ocrx_word' id='word_1_270' title='bbox 961 3276 1044 3332; x_wconf 84' lang='lat' dir='ltr'>einen</span> <span class='ocrx_word' id='word_1_271' title='bbox 1074 3273 1140 3375; x_wconf 58' lang='lat' dir='ltr'>Tap</span> 
     </span>
    </p>
   </div>
   <div class='ocr_carea' id='block_1_10' title="bbox 116 3446 1239 3530">
    <p class='ocr_par' dir='ltr' id='par_1_11' title="bbox 116 3446 1239 3530">
     <span class='ocr_line' id='line_1_33' title="bbox 116 3446 1239 3530; baseline 0.003 -23"><span class='ocrx_word' id='word_1_272' title='bbox 116 3496 122 3505; x_wconf 97' lang='lat'>.</span> <span class='ocrx_word' id='word_1_273' title='bbox 141 3451 293 3510; x_wconf 81' lang='lat' dir='ltr'>Curiatius</span> <span class='ocrx_word' id='word_1_274' title='bbox 306 3451 463 3511; x_wconf 80' lang='lat' dir='ltr'>Maternus</span> <span class='ocrx_word' id='word_1_275' title='bbox 481 3451 623 3511; x_wconf 84' lang='lat' dir='ltr'>Catonem</span> <span class='ocrx_word' id='word_1_276' title='bbox 638 3446 834 3530; x_wconf 75' lang='lat' dir='ltr'>recitaverat]</span> <span class='ocrx_word' id='word_1_277' title='bbox 856 3453 1027 3511; x_wconf 80' lang='lat' dir='ltr'>accuratius</span> <span class='ocrx_word' id='word_1_278' title='bbox 1043 3446 1138 3510; x_wconf 89' lang='lat' dir='ltr'>Codd.</span> <span class='ocrx_word' id='word_1_279' title='bbox 1236 3474 1239 3481; x_wconf 88' lang='lat'><em>·</em></span> 
     </span>
    </p>
   </div>
   <div class='ocr_carea' id='block_1_11' title="bbox 55 3530 1140 4020">
    <p class='ocr_par' dir='ltr' id='par_1_12' title="bbox 55 3530 1140 4020">
     <span class='ocr_line' id='line_1_34' title="bbox 55 3530 1140 3615; baseline -0.002 -22"><span class='ocrx_word' id='word_1_280' title='bbox 55 3532 124 3593; x_wconf 78' lang='lat' dir='ltr'>Par.</span> <span class='ocrx_word' id='word_1_281' title='bbox 142 3531 230 3592; x_wconf 82' lang='lat' dir='ltr'>vind.</span> <span class='ocrx_word' id='word_1_282' title='bbox 254 3542 325 3593; x_wconf 83' lang='lat' dir='ltr'>vett.</span> <span class='ocrx_word' id='word_1_283' title='bbox 355 3533 428 3597; x_wconf 74' lang='lat' dir='ltr'>Edd.</span> <span class='ocrx_word' id='word_1_284' title='bbox 457 3543 525 3593; x_wconf 85' lang='lat' dir='ltr'>ante</span> <span class='ocrx_word' id='word_1_285' title='bbox 552 3533 652 3615; x_wconf 75' lang='lat' dir='ltr'>Lips.⁷</span> <span class='ocrx_word' id='word_1_286' title='bbox 684 3530 735 3611; x_wconf 84' lang='lat' dir='ltr'>qui</span> <span class='ocrx_word' id='word_1_287' title='bbox 761 3531 912 3591; x_wconf 83' lang='lat' dir='ltr'>Curiatius</span> <span class='ocrx_word' id='word_1_288' title='bbox 933 3532 1140 3593; x_wconf 85' lang='lat' dir='ltr'>confirmatum</span> 
     </span>
     <span class='ocr_line' id='line_1_35' title="bbox 56 3610 1138 3695; baseline 0 -23"><span class='ocrx_word' id='word_1_289' title='bbox 56 3633 179 3695; x_wconf 79' lang='lat' dir='ltr'>qnoque</span> <span class='ocrx_word' id='word_1_290' title='bbox 199 3611 293 3674; x_wconf 88' lang='lat' dir='ltr'>Codd.</span> <span class='ocrx_word' id='word_1_291' title='bbox 319 3613 430 3674; x_wconf 86' lang='lat' dir='ltr'>Vaticc.</span> <span class='ocrx_word' id='word_1_292' title='bbox 451 3613 568 3695; x_wconf 86' lang='lat' dir='ltr'>primus</span> <span class='ocrx_word' id='word_1_293' title='bbox 597 3635 614 3674; x_wconf 88' lang='lat' dir='ltr'>e</span> <span class='ocrx_word' id='word_1_294' title='bbox 643 3610 718 3674; x_wconf 84' lang='lat' dir='ltr'>Cod.</span> <span class='ocrx_word' id='word_1_295' title='bbox 737 3614 822 3671; x_wconf 81' lang='lat' dir='ltr'>Farn.</span> <span class='ocrx_word' id='word_1_296' title='bbox 841 3612 962 3693; x_wconf 84' lang='lat' dir='ltr'>recepit.</span> <span class='ocrx_word' id='word_1_297' title='bbox 1008 3614 1054 3672; x_wconf 86' lang='lat' dir='ltr'>De</span> <span class='ocrx_word' id='word_1_298' title='bbox 1075 3611 1138 3673; x_wconf 90' lang='lat' dir='ltr'>Cu-</span> 
     </span>
     <span class='ocr_line' id='line_1_36' title="bbox 56 3692 1137 3778; baseline -0.002 -23"><span class='ocrx_word' id='word_1_299' title='bbox 56 3695 146 3755; x_wconf 82' lang='lat' dir='ltr'>riatio</span> <span class='ocrx_word' id='word_1_300' title='bbox 169 3695 306 3754; x_wconf 89' lang='lat' dir='ltr'>Materno</span> <span class='ocrx_word' id='word_1_301' title='bbox 326 3695 362 3754; x_wconf 82' lang='lat' dir='ltr'>ci.</span> <span class='ocrx_word' id='word_1_302' title='bbox 382 3695 540 3778; x_wconf 83' lang='lat' dir='ltr'>Prolegg.‚</span> <span class='ocrx_word' id='word_1_303' title='bbox 568 3695 604 3754; x_wconf 88' lang='lat' dir='ltr'>de</span> <span class='ocrx_word' id='word_1_304' title='bbox 625 3692 847 3754; x_wconf 88' lang='lat' dir='ltr'>recitationibus</span> <span class='ocrx_word' id='word_1_305' title='bbox 868 3705 967 3753; x_wconf 85' lang='lat' dir='ltr'>annot.</span> <span class='ocrx_word' id='word_1_306' title='bbox 990 3694 1026 3752; x_wconf 89' lang='lat' dir='ltr'>ad</span> <span class='ocrx_word' id='word_1_307' title='bbox 1043 3715 1087 3775; x_wconf 84' lang='lat' dir='ltr'>cp·</span> <span class='ocrx_word' id='word_1_308' title='bbox 1108 3699 1137 3753; x_wconf 86' lang='grc'>9.</span> 
     </span>
     <span class='ocr_line' id='line_1_37' title="bbox 56 3775 1138 3857; baseline 0 -21"><span class='ocrx_word' id='word_1_309' title='bbox 56 3775 185 3857; x_wconf 85' lang='lat' dir='ltr'>Scripsit</span> <span class='ocrx_word' id='word_1_310' title='bbox 205 3787 345 3856; x_wconf 87' lang='lat' dir='ltr'>quattuor</span> <span class='ocrx_word' id='word_1_311' title='bbox 363 3776 473 3836; x_wconf 79' lang='lat' dir='ltr'>fabulas</span> <span class='ocrx_word' id='word_1_312' title='bbox 504 3777 645 3836; x_wconf 85' lang='lat' dir='ltr'>Catonem</span> <span class='ocrx_word' id='word_1_313' title='bbox 674 3786 704 3835; x_wconf 87' lang='lat' dir='ltr'>ct</span> <span class='ocrx_word' id='word_1_314' title='bbox 731 3775 912 3851; x_wconf 80' lang='lat' dir='ltr'>Domitium,</span> <span class='ocrx_word' id='word_1_315' title='bbox 941 3775 1082 3834; x_wconf 82' lang='lat' dir='ltr'>Medeam</span> <span class='ocrx_word' id='word_1_316' title='bbox 1108 3788 1138 3836; x_wconf 91' lang='lat' dir='ltr'>et</span> 
     </span>
     <span class='ocr_line' id='line_1_38' title="bbox 59 3856 1136 3940; baseline -0.002 -23"><span class='ocrx_word' id='word_1_317' title='bbox 59 3857 234 3940; x_wconf 77' lang='lat' dir='ltr'>Thyestem,</span> <span class='ocrx_word' id='word_1_318' title='bbox 265 3879 387 3937; x_wconf 85' lang='lat' dir='ltr'>quarum</span> <span class='ocrx_word' id='word_1_319' title='bbox 408 3859 480 3917; x_wconf 86' lang='lat' dir='ltr'>duae</span> <span class='ocrx_word' id='word_1_320' title='bbox 501 3858 617 3939; x_wconf 89' lang='lat' dir='ltr'>priores</span> <span class='ocrx_word' id='word_1_321' title='bbox 638 3866 760 3933; x_wconf 74' lang='lat' dir='ltr'>togatae</span> <span class='ocrx_word' id='word_1_322' title='bbox 776 3864 988 3934; x_wconf 73' lang='lat' dir='ltr'>praetextatae</span> <span class='ocrx_word' id='word_1_323' title='bbox 1004 3856 1136 3932; x_wconf 81' lang='lat' dir='ltr'>fuerunt,</span> 
     </span>
     <span class='ocr_line' id='line_1_39' title="bbox 57 3935 1136 4020; baseline 0 -23"><span class='ocrx_word' id='word_1_324' title='bbox 57 3958 133 4018; x_wconf 85' lang='lat' dir='ltr'>quae</span> <span class='ocrx_word' id='word_1_325' title='bbox 153 3950 323 4020; x_wconf 82' lang='lat' dir='ltr'>argumenta</span> <span class='ocrx_word' id='word_1_326' title='bbox 351 3960 386 4001; x_wconf 84' lang='lat' dir='ltr'>ex</span> <span class='ocrx_word' id='word_1_327' title='bbox 407 3937 529 3998; x_wconf 86' lang='lat' dir='ltr'>historia</span> <span class='ocrx_word' id='word_1_328' title='bbox 557 3942 688 3999; x_wconf 84' lang='lat' dir='ltr'>Romana</span> <span class='ocrx_word' id='word_1_329' title='bbox 714 3936 804 4017; x_wconf 84' lang='lat' dir='ltr'>petita</span> <span class='ocrx_word' id='word_1_330' title='bbox 822 3935 1002 4013; x_wconf 79' lang='lat' dir='ltr'>tractabant,</span> <span class='ocrx_word' id='word_1_331' title='bbox 1029 3950 1063 3997; x_wconf 87' lang='lat' dir='ltr'>ut</span> <span class='ocrx_word' id='word_1_332' title='bbox 1081 3936 1136 3998; x_wconf 89' lang='lat' dir='ltr'>Co.</span> 
     </span>
    </p>
   </div>
   <div class='ocr_carea' id='block_1_12' title="bbox 56 4018 1251 4100">
    <p class='ocr_par' dir='ltr' id='par_1_13' title="bbox 56 4018 1251 4100">
     <span class='ocr_line' id='line_1_40' title="bbox 56 4018 1251 4100; baseline 0 -21"><span class='ocrx_word' id='word_1_333' title='bbox 56 4018 163 4079; x_wconf 84' lang='lat' dir='ltr'>Naevii</span> <span class='ocrx_word' id='word_1_334' title='bbox 183 4021 326 4079; x_wconf 85' lang='lat' dir='ltr'>Romulus</span> <span class='ocrx_word' id='word_1_335' title='bbox 353 4020 401 4079; x_wconf 77' lang='lat' dir='ltr'>vd.</span> <span class='ocrx_word' id='word_1_336' title='bbox 432 4020 590 4080; x_wconf 88' lang='lat' dir='ltr'>Neukirch.</span> <span class='ocrx_word' id='word_1_337' title='bbox 620 4020 655 4079; x_wconf 90' lang='lat' dir='ltr'>de</span> <span class='ocrx_word' id='word_1_338' title='bbox 685 4018 772 4078; x_wconf 81' lang='lat' dir='ltr'>fabul.</span> <span class='ocrx_word' id='word_1_339' title='bbox 796 4028 886 4100; x_wconf 82' lang='lat' dir='ltr'>togat.</span> <span class='ocrx_word' id='word_1_340' title='bbox 917 4019 1003 4078; x_wconf 82' lang='lat' dir='ltr'>Rom.</span> <span class='ocrx_word' id='word_1_341' title='bbox 1025 4041 1053 4100; x_wconf 92' lang='lat' dir='ltr'>p.</span> <span class='ocrx_word' id='word_1_342' title='bbox 1075 4018 1136 4095; x_wconf 82' lang='grc'><strong>71.,</strong></span> <span class='ocrx_word' id='word_1_343' title='bbox 1249 4044 1251 4050; x_wconf 96' lang='grc'><strong><em>·</em></strong></span> 
     </span>
    </p>
   </div>
   <div class='ocr_carea' id='block_1_13' title="bbox 55 4098 1137 4264">
    <p class='ocr_par' dir='ltr' id='par_1_14' title="bbox 55 4098 1137 4264">
     <span class='ocr_line' id='line_1_41' title="bbox 55 4098 1137 4182; baseline -0.001 -21"><span class='ocrx_word' id='word_1_344' title='bbox 55 4099 100 4161; x_wconf 83' lang='grc' dir='ltr'>Μ.</span> <span class='ocrx_word' id='word_1_345' title='bbox 121 4099 241 4161; x_wconf 84' lang='lat' dir='ltr'>Pacuvii</span> <span class='ocrx_word' id='word_1_346' title='bbox 259 4101 386 4160; x_wconf 83' lang='lat' dir='ltr'>Paullus</span> <span class='ocrx_word' id='word_1_347' title='bbox 414 4100 482 4161; x_wconf 89' lang='lat' dir='ltr'>ibid.</span> <span class='ocrx_word' id='word_1_348' title='bbox 503 4124 531 4182; x_wconf 90' lang='lat' dir='ltr'>p.</span> <span class='ocrx_word' id='word_1_349' title='bbox 553 4107 621 4179; x_wconf 81' lang='lat'>73.,</span> <span class='ocrx_word' id='word_1_350' title='bbox 648 4102 681 4158; x_wconf 87' lang='lat' dir='ltr'>L.</span> <span class='ocrx_word' id='word_1_351' title='bbox 701 4098 776 4159; x_wconf 77' lang='lat' dir='ltr'>Attii</span> <span class='ocrx_word' id='word_1_352' title='bbox 794 4099 906 4182; x_wconf 76' lang='lat' dir='ltr'>Brutus</span> <span class='ocrx_word' id='word_1_353' title='bbox 925 4112 955 4160; x_wconf 92' lang='lat' dir='ltr'>et</span> <span class='ocrx_word' id='word_1_354' title='bbox 974 4101 1137 4167; x_wconf 83' lang='lat' dir='ltr'>Aeneadae</span> 
     </span>
     <span class='ocr_line' id='line_1_42' title="bbox 56 4179 1136 4264; baseline -0.002 -23"><span class='ocrx_word' id='word_1_355' title='bbox 56 4184 119 4243; x_wconf 77' lang='lat' dir='ltr'>sive</span> <span class='ocrx_word' id='word_1_356' title='bbox 138 4181 251 4245; x_wconf 76' lang='lat' dir='ltr'>Derim</span> <span class='ocrx_word' id='word_1_357' title='bbox 269 4180 339 4243; x_wconf 82' lang='lat' dir='ltr'>ibid.</span> <span class='ocrx_word' id='word_1_358' title='bbox 359 4204 388 4264; x_wconf 81' lang='lat' dir='ltr'>p.</span> <span class='ocrx_word' id='word_1_359' title='bbox 409 4188 477 4260; x_wconf 83' lang='grc'><strong>76.·,</strong></span> <span class='ocrx_word' id='word_1_360' title='bbox 499 4194 530 4244; x_wconf 90' lang='lat' dir='ltr'>et</span> <span class='ocrx_word' id='word_1_361' title='bbox 548 4184 677 4244; x_wconf 81' lang='lat' dir='ltr'>Senecae</span> <span class='ocrx_word' id='word_1_362' title='bbox 698 4201 772 4262; x_wconf 86' lang='lat' dir='ltr'>quae</span> <span class='ocrx_word' id='word_1_363' title='bbox 791 4179 889 4243; x_wconf 77' lang='lat' dir='ltr'>fertur</span> <span class='ocrx_word' id='word_1_364' title='bbox 903 4181 1031 4244; x_wconf 75' lang='lat' dir='ltr'>Octauia</span> <span class='ocrx_word' id='word_1_365' title='bbox 1043 4203 1072 4263; x_wconf 81' lang='lat' dir='ltr'>p.</span> <span class='ocrx_word' id='word_1_366' title='bbox 1085 4186 1136 4241; x_wconf 81' lang='lat'>29.</span> 
     </span>
    </p>
   </div>
   <div class='ocr_carea' id='block_1_14' title="bbox 354 4368 377 4411">
    <p class='ocr_par' dir='ltr' id='par_1_15' title="bbox 354 4368 377 4411">
     <span class='ocr_line' id='line_1_43' title="bbox 354 4368 377 4411; baseline 0 0"><span class='ocrx_word' id='word_1_367' title='bbox 354 4368 377 4411; x_wconf 55' lang='grc' dir='ltr'>ἱ</span> 
     </span>
    </p>
   </div>
   <div class='ocr_carea' id='block_1_15' title="bbox 0 0 1322 4656">
    <p class='ocr_par' dir='ltr' id='par_1_16' title="bbox 0 0 1322 4656">
     <span class='ocr_line' id='line_1_44' title="bbox 0 0 1322 4656; baseline 0 0"><span class='ocrx_word' id='word_1_368' title='bbox 0 0 1322 4656; x_wconf 95' lang='lat' dir='ltr'> </span> 
     </span>
    </p>
   </div>
  </div>
 </body>
</html>
