2634 4656
577 218 654 300 Cap.
678 219 808 282 XVIII.
1176 228 1238 285 tm

150 396 318 465 sanguem
346 370 566 458 molnitum,
591 366 738 444 Brutuni
758 387 865 444 autem
889 372 1030 444 otiosum
1059 390 1156 473 utque
1183 377 1235 449 di-

145 468 325 562 iunetnm;
362 497 547 569 rursusque
575 468 766 544 Ciceronem
802 499 820 542 a
856 471 955 544 Calvo
981 473 1115 570 quidem
1150 476 1234 549 male

96 599 97 603 ¹
151 568 291 640 audisse
316 584 475 667 tanquam
502 568 647 656 solutum
673 587 705 642 et
730 597 900 659 enervem,
936 598 953 640 a
983 573 1085 642 llruto
1113 591 1233 664 autem,

144 682 186 736 nt
213 667 319 766 ipsius
338 667 449 740 verbis
467 686 561 754 utor,
587 686 743 768 tauquam
770 671 908 741 fractum
933 687 1030 768 utque
1059 669 1247 745 elumbem.-

124 764 188 837 .Sl
219 793 271 838 me
286 766 502 861 interrogas,
538 795 653 839 omnes
675 768 755 840 mihi
779 769 933 840 videntur
957 796 1068 840 uerum
1097 768 1231 842 diriss'e.

146 862 221 937 Sed
245 860 323 937 mox
345 865 388 936 ad
415 865 566 963 singulos
583 866 730 941 veniam:
755 895 845 940 nunc
865 865 947 939 mibi
970 895 1043 939 eum
1067 869 1232 966 uniyersis
1296 890 1298 896 '

140 963 324 1058 'negotium
352 979 410 1036 est.

232 1150 411 1207 exsanguem
433 1143 462 1192 et
482 1130 635 1213 attritum]
656 1133 703 1192 De
724 1130 815 1191 Calvo
837 1133 885 1192 vd.
907 1154 951 1212 cp.
974 1137 1020 1191 17.
1051 1133 1164 1194 tutem.
1178 1156 1232 1195 ex-

144 1215 269 1284 sanguis
287 1235 360 1284 usus
382 1225 427 1272 est
448 1213 535 1277 Auel.
556 1216 591 1274 ed
613 1217 742 1273 llerenn.
761 1217 817 1291 ‚lV‚
845 1219 890 1273 ll.
919 1219 1033 1275 veniunt
1053 1217 1095 1274 uel
1114 1217 1230 1277 aridum

144 1301 177 1350 et
199 1312 349 1368 exsangue
376 1314 468 1368 genus
492 1301 650 1368 orationis,
679 1295 757 1377 qnod
776 1317 832 1354 non
851 1298 979 1378 alienum
1003 1307 1047 1357 est
1076 1300 1153 1356 exile
1181 1321 1233 1358 no-

146 1393 266 1432 minari.

137 1491 143 1500 ·
228 1459 351 1536 otiosum
372 1469 462 1538 atque
483 1455 659 1537 diiunctum]
691 1436 809 1516 Otiosies
830 1457 848 1516 i.
870 1480 897 1536 q.
916 1457 1034 1532 lentus,
1055 1458 1230 1540 languidus,

135 1535 291 1615 supinus,
312 1551 346 1597 ut
365 1538 540 1621 intelligitur
561 1559 576 1597 e
598 1539 701 1612 Quint.
725 1541 801 1611 Vlll‚
826 1545 856 1612 2,
884 1545 926 1598 19.
968 1539 1010 1598 At
1031 1561 1083 1614 ego
1104 1545 1232 1601 otiosum

142 1637 308 1677 sermonem
333 1620 479 1692 dieu-erim,
509 1641 592 1701 quem
622 1620 743 1676 arrdiror
762 1641 814 1679 suo
834 1624 948 1694 ingenio
970 1622 1113 1695 intelligit.
1139 1624 1177 1698 X,
1202 1629 1230 1698 1,

122 1703 195 1775 ¹76.
226 1709 312 1758 tanta
340 1705 381 1759 uis
409 1706 439 1759 in
460 1723 493 1760 eo
515 1698 717 1782 (Demosth.),
746 1709 809 1758 tam
839 1701 930 1759 densa
956 1706 1073 1774 omnia,
1102 1707 1147 1760 ita
1167 1708 1231 1785 qui-

142 1778 270 1838 busdam
293 1787 388 1841 nereis
407 1787 519 1842 intenta
539 1792 624 1854 sunt,
645 1791 707 1838 tam
729 1781 802 1838 nillil
822 1785 965 1850 otiosum,
987 1786 1012 1839 is
1034 1783 1149 1841 dicendi
1168 1807 1231 1843 mo-

142 1859 218 1933 dus,
247 1872 279 1919 ut
305 1852 358 1921 nee
387 1864 466 1944 quod
492 1864 568 1921 desit
599 1867 628 1919 in
657 1883 708 1934 ευ,
738 1882 789 1920 nee
815 1863 895 1942 quod
922 1862 1064 1921 redundet
1092 1867 1230 1922 inuenies.

142 1938 322 2002 Contrarius
353 1950 446 2003 otioso
466 1956 513 2002 est
539 1945 596 2002 sibi
615 1948 755 2001 instans:-
772 1944 811 2015 X,
836 1948 862 2015 l,
889 1948 935 2002 7-1.
976 1945 1092 2002 Densus
1114 1957 1142 2004 et
1163 1946 1230 2003 bre.

106 2034 110 2039 ’
142 2025 188 2079 eis
217 2033 246 2080 et
274 2045 390 2107 semper
415 2027 473 2084 sibi
498 2029 611 2086 instans
642 2023 830 2106 Thucydides.
860 2024 933 2083 Dial.
957 2029 1004 2084 21.
1045 2025 1131 2084 Bruti
1161 2028 1232 2086 libri

141 2104 326 2163 lentitudinis
346 2126 384 2164 ae
405 2111 513 2187 teporis
533 2118 750 2177 memorantur,
779 2127 822 2184 cp.
844 2112 893 2165 22.
940 2104 1046 2165 Cicero
1069 2109 1163 2166 lentus
1185 2118 1229 2167 est

140 2187 174 2242 in
197 2189 351 2268 principiis
374 2199 427 2247 etc.
467 2188 571 2262 Quint.
594 2190 631 2261 X,
661 2195 691 2262 2,
716 2192 762 2246 17.
791 2187 877 2246 otiosi
904 2197 933 2244 et
961 2191 1074 2266 snpirn',
1104 2193 1132 2246 si
1157 2189 1228 2269 quid

141 2265 230 2324 modo
252 2269 365 2342 longius
390 2270 662 2344 cir-mmdueerum,
692 2273 793 2326 iurant
812 2271 856 2326 ita
877 2267 1040 2328 Ciceronem
1062 2271 1227 2330 locuturum

129 2343 242 2425 fuisse.
263 2383 304 2394 -
345 2349 514 2410 Diiunrtum
543 2349 653 2410 eCod.
683 2351 767 2408 Farn.
795 2349 883 2408 Bekk.
911 2349 1009 2408 Boett.
1038 2349 1126 2408 Boch.
1154 2350 1228 2410 Ritt.

140 2427 211 2485 elisi.
232 2428 314 2508 reliq.
337 2427 429 2490 Codd.
451 2444 481 2491 et
500 2432 591 2502 Ede,
621 2452 704 2509 qnam
728 2429 855 2508 priorem
879 2429 999 2487 lomnm
1023 2430 1141 2488 exbibet
1164 2429 1225 2492 Cie.

133 2508 181 2566 -de
202 2509 301 2567 Divin.
324 2512 358 2584 ll,
381 2518 428 2571 36.
451 2515 523 2592 Epp.
545 2513 580 2570 ml
603 2506 692 2569 neele.
715 2512 775 2581 Vll,
800 2515 824 2567 l.
845 2509 881 2566 ad
902 2510 979 2567 Fam.
1001 2512 1024 2584 l,
1047 2516 1074 2567 9.
1117 2512 1226 2569 Diiun-

141 2599 210 2649 ctus
230 2601 286 2664 est,
308 2590 390 2652 cuius
408 2595 503 2652 oratio
524 2615 584 2651 non
605 2592 702 2650 vincta
724 2590 864 2660 numeris,
884 2590 935 2647 scd
956 2590 987 2648 in
1006 2589 1132 2650 minutas
1156 2613 1225 2666 sen,-

129 2669 250 2729 -untias
274 2671 366 2732 divisa
396 2686 425 2733 et
455 2673 640 2733 brevioribus
669 2671 768 2731 incisis
798 2691 934 2750 expressa
965 2671 1088 2730 circuitu
1116 2672 1226 2731 verbo-

141 2770 212 2811 rum
233 2765 336 2812 cureat.
380 2756 434 2813 vt.
453 2755 601 2814 Eckstein.
622 2755 656 2812 orl
678 2753 705 2812 b.
728 2753 746 2810 l.
768 2763 798 2810 et
820 2754 887 2809 lien.
909 2752 978 2810 Lex.
997 2751 1094 2812 techn.
1117 2754 1178 2811 Lot.
1201 2776 1224 2813 s.

140 2830 304 2910 dissipatus
323 2846 353 2893 et
372 2837 426 2911 fir.
449 2860 471 2895 s.
490 2841 567 2895 λύειν.
598 2835 691 2895 Orell.
709 2833 904 2913 comparavit,
928 2833 1007 2911 quo'd
1030 2833 1065 2893 de
1087 2834 1174 2918 Lysia
1193 2847 1224 2894 et

142 2910 286 2993 sophistis
308 2915 381 2974 dixit
398 2918 469 2976 Plat.
490 2918 610 2976 Phaedr.
632 2939 659 2996 p.
676 2922 744 2974 218.
766 2917 801 2973 Α.
823 2918 1103 2993 διεστηκόςαῦτῶνκτὸ
1126 2920 1223 2991 rin-ior.

131 3025 135 3029 ·
235 2996 360 3054 solutum
390 3009 419 3057 et
446 2996 594 3078 eneruem]
633 2999 703 3056 Ero.
734 2996 764 3055 in
792 2994 873 3055 Clar.
904 2994 998 3054 Cicer.
1027 2995 1070 3054 sic
1098 2996 1223 3076 explicat

139 3075 263 3133 solutus.
305 3074 433 3137 »Orolor
458 3083 569 3140 solutus
596 3091 640 3137 est
682 3078 775 3145 rimo,
806 3077 855 3155 qui
877 3075 988 3134 lacilcm
1010 3088 1041 3134 ct
1060 3075 1221 3136 volubilem

140 3152 271 3236 linguam
300 3156 387 3218 babet
414 3159 490 3240 (Cic.
513 3163 595 3219 Brut.
617 3101 700 3238 473,
730 3158 834 3215 deinde
864 3156 896 3214 in
925 3158 1039 3216 actione
1067 3156 1220 3230 remissior

129 3234 201 3315 -(lb.
222 3235 303 3316 62),
325 3240 432 3312 tertio,
455 3242 505 3320 qui
525 3241 614 3300 uerba
635 3252 701 3319 apte
724 3238 887 3310 collocare,
911 3238 991 3316 quod
1014 3236 1126 3296 vincire
1146 3237 1220 3296 diei-

138 3327 213 3392 tur,
232 3317 327 3378 nescit
348 3319 446 3395 (Orat.
468 3322 557 3403 52.).«
598 3319 644 3382 cf.
665 3319 784 3379 Herbst.
805 3318 841 3376 ed
856 3319 983 3392 Quintil.
1006 3320 1044 3392 X,
1066 3323 1097 3392 4,
1121 3323 1146 3376 1.
1170 3341 1219 3378 so-

140 3397 207 3456 luta
227 3418 405 3480 componere.
452 3404 519 3463 llue
544 3403 695 3483 pretinent
721 3399 850 3458 ciusdem
871 3420 990 3478 quoque
1010 3399 1098 3458 verba
1115 3401 1167 3473 lX,
1188 3402 1220 3472 4.

141 3480 211 3538 142.
240 3480 467 3564 durampotius
487 3496 574 3567 atque
602 3502 739 3562 asperam
769 3484 1005 3561 compositionem
1032 3483 1133 3540 malim
1158 3501 1220 3540 erse

138 3562 229 3642 quem
250 3559 451 3640 effeminatam
473 3579 501 3626 et
521 3586 662 3624 enervem.

164 3666 168 3673 ·
213 3639 347 3719 fractum
374 3656 460 3727 atque
486 3643 644 3725 elumbem]
683 3651 727 3707 Ut
748 3644 851 3719 Quint.
872 3643 937 3714 Xll,
968 3645 1015 3715 10,
1039 3646 1085 3701 12.
1114 3639 1219 3717 refert,

139 3716 317 3782 Ciceronem
341 3726 420 3784 etin
442 3733 644 3810 compositione
656 3727 789 3804 jractum
812 3744 850 3782 ae
867 3743 962 3804 paene
979 3726 1039 3780 oiro
1059 3723 1220 3781 molliorem

104 3802 279 3882 --eeqneles
304 3804 495 3867 incessebant.
538 3807 582 3867 Cf.
614 3809 650 3867 de
677 3807 723 3866 bis
754 3802 1033 3885 reprehensionibus
1065 3802 1218 3874 Ciceronis
1258 3860 1260 3865 .

138 3880 234 3942 Hand.
262 3885 292 3944 in
314 3887 417 3946 Ersch.
438 3902 468 3948 et
490 3890 584 3949 Grub'.
604 3887 736 3970 Encyclo
759 3932 766 3945 .
786 3887 864 3945 Sect.
885 3887 905 3943 l.
930 3884 997 3942 Vol.
1022 3889 1067 3942 17.
1088 3907 1116 3966 p.
1137 3890 1219 3960 eto,

140 3963 192 4043 qui
222 3964 433 4047 interpretatur
458 3973 569 4031 solutus
599 3910 805 4050 haltungslbs,
843 3968 954 4025 eneruis
987 3977 1074 4040 matt,
1101 3965 1220 4045 fractus

137 4042 280 4120 baillos,
301 4050 422 4108 elumbis
441 4049 527 4110 labm.
887 4045 890 4055 ‘
1038 4094 1042 4099 -

219 4123 370 4206 Serimon
392 4165 429 4177 -
451 4137 597 4207 negotium
624 4131 685 4213 est]
718 4132 778 4192 Pro
799 4128 865 4190 lect.
885 4126 979 4189 Codd.
1002 4137 1033 4187 et
1053 4137 1124 4186 vett.
1144 4125 1218 4187 Ele.
