2634 4656
110 259 179 321 232
290 314 294 323 .
431 255 588 349 Dialogus
610 256 648 319 ds
671 253 854 318 Oratoribus

115 407 252 482 multum
278 424 381 482 aetate
404 408 601 482 antecedens
629 407 748 482 Calvus
771 387 939 480 Vatinium
960 407 1003 481 iis
1025 406 1179 480 orationi-

4 553 7 557 .
62 547 66 552 ·
117 506 183 622 bus
206 510 346 582 insecuti
373 525 468 598 sunt,
499 537 583 610 quas
608 507 774 608 hodieque
794 534 869 581 cum
895 507 1116 581 admiratione
1138 507 1179 581 le-

117 635 236 704 gemus.

122 775 154 834 C.
181 774 320 835 omittunt
354 774 447 853 Codd.
473 777 538 837 Par.
565 775 651 836 Vind.
684 786 714 837 et
749 787 819 837 vett.
846 774 919 836 Edd.
948 774 980 834 it.
1009 772 1127 854 Dronlt.
1153 784 1182 836 et

123 857 248 927 Osann.;
270 857 361 938 Lips.‚
381 858 431 938 qni
449 852 560 940 primns
582 857 684 918 adiecit
700 856 784 940 (num
805 879 822 919 e
844 857 916 919 Cod.
933 855 1070 938 Parni),
1093 850 1204 919 secuti¹

95 951 97 955 '
122 950 192 999 sunt
218 939 406 1019 posteriores.
448 940 534 1000 Alter
560 949 589 998 et
614 943 765 1014 vigesimus
784 938 804 997 i.
833 954 861 1020 q.
889 938 1050 1020 vigesimus
1081 958 1181 1000 secun·

65 1079 68 1085 ,
93 1048 97 1053 ·
122 1021 197 1088 dusr
226 1042 289 1080 nam
312 1023 389 1081 alter
408 1020 601 1081 numeralibus
622 1021 750 1081 additum
770 1021 858 1080 modo
876 1041 931 1101 pro
952 1020 1068 1100 primo,
1098 1021 1181 1079 modu

123 1122 178 1182 pro
206 1103 334 1162 secundo
362 1115 410 1163 est
434 1103 636 1186 accipiendum.
658 1125 685 1160 v.
708 1103 770 1162 Liv.
794 1105 841 1176 ΙΙΙ,
863 1109 910 1162 33.
933 1104 1076 1174 ΧΧΧΙΙΙ,
1094 1109 1141 1162 21.
1160 1124 1181 1161 c.

124 1195 235 1242 annott.
255 1184 400 1244 Drakenb.
420 1183 481 1245 Cic.
499 1187 574 1265 Epp.
595 1185 630 1243 ad
652 1186 728 1244 Fam.
745 1186 808 1258 Xll,
830 1190 876 1245 25.
897 1183 965 1263 ibiq.
984 1185 1098 1245 Manat.
1117 1182 1183 1245 Phi·
1228 1236 1230 1255 ,

125 1264 195 1346 lipp.
218 1267 239 1339 Ι,
264 1271 309 1325 13.
334 1266 402 1346 ibiq.
424 1269 529 1328 Graev.
551 1279 580 1325 et
600 1267 697 1326 Garat.
739 1266 770 1324 C.
797 1265 933 1345 Porcium
961 1264 1121 1332 Catonem,
1146 1266 1182 1325 dl.
1227 1270 1230 1351 ζ

126 1343 246 1407 Catonis
259 1348 400 1422 astinem,
430 1347 538 1410 nullius
558 1346 671 1407 consilii
690 1347 916 1420 adolescentem,
946 1346 997 1426 qui
1016 1346 1128 1406 tribuo.
1148 1345 1183 1428 pl.

127 1427 195 1489 608.
216 1431 253 1488 U.
275 1427 309 1489 C.
347 1430 486 1514 Pompeio
507 1451 538 1490 se
552 1429 730 1502 vendiderat,
748 1429 843 1490 Pollio
858 1428 1001 1505 accusavit
1019 1426 1087 1512 lege
1108 1429 1184 1489 lunia

124 1508 236 1569 Licinia
255 1522 284 1570 et
303 1513 384 1572 Fufia
409 1534 433 1572 a.
455 1518 540 1588 700.,
570 1509 621 1570 sed
645 1509 795 1571 absolutus
824 1522 910 1570 esta
930 1506 962 1569 C.
982 1509 1077 1570 Licin'.
1098 1508 1184 1583 Calvo

73 1624 75 1629 .
100 1620 103 1625 >
130 1602 161 1650 et
179 1593 218 1650 M.
240 1593 349 1652 Scauro
376 1594 520 1653 defensus.
563 1593 617 1651 vd.
638 1590 697 1652 Cic.
717 1594 789 1673 Epp.
809 1593 843 1650 ad
864 1594 939 1650 Fam.
960 1593 982 1665 Ι,
1005 1598 1032 1652 2.
1053 1595 1133 1653 4.·5.
1152 1592 1185 1654 ad

52 1669 56 1682 ’
129 1672 218 1747 Attic.
239 1676 290 1748 IV,
315 1680 352 1734 15
375 1687 404 1734 ct
425 1681 470 1735 16.
490 1675 524 1734 ad
545 1673 648 1750 Quint.
668 1677 715 1733 Fr.
736 1676 758 1748 Ι,
780 1680 809 1747 2,
832 1679 859 1732 5.
883 1672 1035 1743 Onomast.
1055 1672 1134 1734 Tull.
1154 1675 1184 1735 P.

130 1755 164 1813 ΙΙ.
185 1776 212 1834 p.
232 1759 300 1815 486.
326 1756 562 1841 Meyer.‘sragm.
592 1767 676 1814 oratt.
699 1778 726 1837 p.
747 1759 815 1815 211.
848 1754 1012 1813 Thorbcck.
1037 1755 1075 1816 de
1104 1754 1184 1818 Asin.

74 1850 76 1857 ’
130 1835 203 1901 Poll.
225 1859 253 1918 p.
274 1844 327 1923 56.
343 1838 491 1898 Heinrich.
511 1839 546 1902 ad
566 1836 625 1900 Cic.
646 1849 730 1923 oratt.
749 1847 835 1921 partt.
855 1836 929 1895 ined.
950 1858 977 1919 p.
998 1841 1026 1896 7.

211 1964 265 2001 oron
291 1944 410 2003 multum
436 1951 536 2001 aetate
562 1942 741 2019 antecedens]
777 1943 865 2002 multa
893 1938 984 2001 Codd.
1010 1940 1076 2000 Par.
1104 1939 1185 2000 Vind.

131 2020 204 2080 Edd.
227 2034 340 2103 praeter
353 2023 440 2083 Bach.
461 2034 490 2083 et
510 2025 600 2098 Rite,
619 2022 669 2103 qui
690 2034 767 2083 recte
786 2033 958 2103 receperunt
978 2043 994 2082 e
1016 2019 1090 2082 Cod.
1105 2023 1184 2083 Fam.

39 2127 43 2134 ·
133 2100 222 2183 (teste
243 2103 412 2185 Schluttig.)
438 2115 467 2162 et
488 2105 595 2164 Vaticc.
616 2106 752 2181 inuitant,
781 2125 940 2184 quanquam
965 2115 1090 2183 utraque
1111 2115 1185 2163 stru·

133 2194 215 2243 utura
236 2196 280 2244 est
299 2183 413 2267 Latium
433 2184 535 2244 deinde
556 2185 718 2267 aetate.(in
740 2183 812 2246 Cod.
831 2187 893 2245 Par.
914 2185 1007 2266 etate)
1028 2185 1140 2247 emend.
1153 2185 1184 2246 ab

133 2264 228 2327 Rhen.
249 2266 279 2324 in
301 2264 447 2348 Castigatt.
470 2288 498 2347 p.
518 2268 586 2326 447.
607 2266 785 2348 propositam
805 2288 860 2348 pro
880 2277 1008 2329 aetutem
1031 2265 1098 2341 lect.
1119 2265 1185 2328 cod

44 2420 47 2425 .
133 2347 220 2406 Vind.
241 2359 271 2407 et
290 2345 359 2408 vett.
387 2347 458 2409 Edd.
486 2347 577 2409 secuti
602 2359 671 2408 sunt
690 2349 762 2408 Edd.
783 2371 861 2430 seqq.
902 2348 951 2408 stc
974 2347 1079 2423 Quint.
1100 2351 1138 2425 X,
1160 2354 1185 2425 1,

26 2458 31 2471 ‹
135 2433 203 2488 103.
221 2431 341 2512 paulum
358 2440 457 2492 aetate
474 2431 648 2512 praecedens
663 2452 726 2490 eunt
742 2431 853 2492 Bassus
867 2428 1010 2509 Aufidius.
1031 2428 1094 2495 Cic.
1109 2432 1185 2507 Brut.

132 2514 184 2584 21,
205 2517 253 2573 82.
273 2514 371 2573 aetate
388 2512 508 2594 paulum
528 2512 573 2570 itis
593 2513 765 2574 antecedens
780 2510 830 2594 (ei.
847 2512 882 2572 dc
902 2511 1026 2573 discrim.
1040 2534 1089 2571 vv.
1109 2523 1187 2572 anu·

136 2592 238 2652 cedere
266 2605 295 2653 ct
320 2590 497 2681 praeoedere
523 2592 631 2676 Reisig.
652 2593 671 2658 l.
692 2594 710 2654 l.
739 2593 766 2676 Q.
794 2592 888 2673 413).
924 2592 984 2654 Oli.
1006 2596 1028 2668 l,
1051 2599 1103 2673 30,
1127 2596 1187 2655 105.

134 2686 271 2758 quantum
292 2686 401 2736 notura
420 2676 543 2734 hominis
560 2675 718 2756 pecudibus
738 2675 897 2738 antecedat.
925 2674 1006 2736 Caes.
1028 2676 1063 2736 Β.
1085 2676 1121 2736 G.
1141 2676 1188 2748 Vl,

134 2762 184 2815 27.
211 2757 264 2815 sed
282 2754 398 2838 (Alces)
428 2757 624 2830 magnitudine
652 2755 779 2840 (capras)
803 2759 893 2838 poulo
921 2757 1118 2821 antecedunt?
1148 2753 1189 2817 Cf.

88 2885 90 2889 -
133 2837 309 2899 Ramshorn.
328 2838 356 2927 ξ.
378 2843 444 2900 154.
464 2839 498 2898 Β.
520 2859 543 2900 c.
565 2838 634 2900 Not.
649 2844 676 2900 1.
696 2839 804 2922 Reisig.
825 2837 907 2899 Vorl.
926 2837 955 2921 ξ.
972 2845 1044 2900 226.
1067 2859 1093 2900 c.
1110 2839 1203 2917 Hm,

135 2930 233 2980 annot.
252 2922 320 2983 400.
751 2938 760 2962 ·“
893 2953 896 2957 ·

221 3023 325 3083 Caicus
348 3025 492 3083 Vatinium
511 3023 577 3101 eto]
611 3023 667 3082 vt.
688 3036 785 3084 annot.
811 3025 846 3085 ad
865 3023 938 3084 Dial.
959 3027 1008 3084 21.
1028 3021 1191 3083 Weicltert.

137 3117 229 3249 poett.
249 3107 322 3165 Latt.
335 3105 425 3185 reliq.
446 3129 473 3186 p.
496 3109 577 3166 109.:
610 3105 709 3180 »Quae
734 3105 822 3166 verba
842 3128 909 3167 cave
929 3106 968 3166 ita
987 3104 1109 3184 accipias
1130 3124 1220 3171 ωτι,

86 3282 94 3301 ⁸
130 3187 240 3329 nglllo
263 3188 524 3348 lllunp1d5dlllp
535 3184 1194 3333 lirfOAffisflelogabltpwadacsesssltzassgtsllm

138 3350 231 3416 multo
251 3350 438 3410 antecesserit
456 3361 547 3410 aetate
560 3347 703 3424 Pollioni,
724 3372 809 3429 quem
829 3372 852 3411 a.
872 3353 918 3425 U.
930 3347 963 3411 C.
986 3354 1055 3409 678.
1072 3349 1194 3434 'primum

138 3430 246 3502 ¹vidisse
271 3431 364 3494 lucem
385 3442 513 3506 constat,
543 3444 632 3511 quum
651 3432 833 3494 manifestum
853 3432 891 3492 sit
911 3443 1058 3492 auctorem
1085 3429 1196 3513 Dialogi

139 3512 169 3576 id
194 3533 254 3572 non
276 3525 435 3594 spectasse,
465 3524 514 3588 nt,
541 3525 609 3573 uter
628 3524 696 3573 natu
724 3514 816 3574 maior
835 3514 968 3574 minorve
996 3510 1090 3572 altero
1112 3524 1195 3583 esset.

80 3638 83 3643 -
140 3608 315 3677 exponeret,
342 3595 394 3655 sed
417 3605 484 3658 uter
504 3615 605 3656 eorum
631 3607 722 3657 aetate
742 3595 841 3657 iunior
861 3593 1042 3677 prorostris
1064 3593 1198 3676 posuerit

139 3676 331 3741 tirocinium«

220 3774 369 3856 hodieque]
401 3773 487 3833 hodie
515 3770 606 3833 Codd.
632 3774 696 3833 Par.
723 3772 809 3832 Vihd.
830 3771 902 3831 Edd.
930 3771 1006 3853 Spir.
1037 3773 1105 3833 Put.
1132 3773 1197 3835 ttir·

141 3856 249 3916 Osann.
272 3857 355 3916 hodie
375 3877 486 3939 quoque
507 3853 578 3915 Cod.
599 3854 690 3915 Vatic.
713 3860 798 3914 1862.
824 3851 935 3913 Droult.
965 3854 1107 3936 hodieque
1128 3855 1197 3915 Edd·

140 3938 206 3996 Ber.
229 3948 258 3996 et
278 3960 374 4017 seqq,
404 3938 483 4016 quod
505 3948 615 3996 tantum
637 3933 680 3996 bis
701 3935 807 4018 legitur
826 3953 870 4016 ap.
892 3937 959 3994 Tac.
980 3935 1027 3996 hie
1048 3948 1078 3996 ct
1101 3939 1198 3999 Germ·

142 4025 181 4092 3.,
201 4016 251 4076 ubi
270 4020 316 4078 vd.
337 4031 433 4077 annot.
454 4041 503 4090 m„
524 4031 554 4078 et
566 4018 644 4096 quod
664 4031 821 4103 usurpatur
840 4039 856 4076 a
875 4017 938 4075 Liv.
959 4015 997 4096 (Ι,
1018 4025 1066 4078 26.
1084 4025 1122 4093 V,
1137 4016 1199 4098 27.)

141 4111 171 4160 et
188 4098 297 4179 scriptt.
313 4111 367 4158 aet.
383 4121 453 4182 arga,
468 4113 501 4163 ut
515 4121 530 4158 a
546 4099 670 4174 Quintil.
690 4100 741 4181 (Χ,
759 4106 785 4173 1,
804 4101 850 4159 94.
871 4109 899 4156 et
915 4099 1001 4158 hodie
1015 4104 1065 4174 tlt,
1083 4106 1111 4174 1,
1127 4098 1200 4182 21),

140 4182 297 4249 aSuetou.
323 4180 403 4273 (Tib
425 4189 471 4247 14.
491 4180 592 4245 Claud.
618 4186 664 4274 19.
684 4182 731 4242 vd.
752 4180 831 4244 Clau.
851 4181 933 4244 Suet.
954 4182 1150 4266 Buumgacteu
1164 4213 1202 4230 ⁴-
