2634 4656
419 304 434 335 ·-
528 270 696 352 “m-Vl·
754 312 757 317 ·
811 290 825 345 ·.
936 219 939 224 ι
1109 280 1153 351 ss

67 440 441 525 quemcunqueorator
459 423 625 507 induerit!
657 424 802 522 vulgara
825 425 1006 511 dicentium
1028 431 1152 527 gaudia

67 542 101 598 et
124 525 357 639 imperitorum
384 552 519 624 quoqne
544 524 650 599 oculis
677 523 826 623 exposita
852 553 1043 624 percenseo.
1091 531 1152 617 ltin

66 642 250 698 secretiora
275 642 307 697 et
331 640 459 697 tantum
485 624 568 722 ipsis
596 623 774 697 orantibus
800 642 877 697 nota
904 628 1029 700 ntaiora
1054 649 1151 717 sunt3

65 724 138 797 sire
168 740 357 797 accuratam
391 722 649 823 meditatamque
686 724 817 823 profert
850 729 1052 817 orationem,
1101 747 1151 802 est

85 952 89 959 ,
155 900 186 950 et
201 894 339 972 accipere
353 889 513 971 affictum,
534 912 731 972 quemcunque
746 902 851 951 orator
863 892 1012 976 induerit]
1033 896 1058 955 E
1075 894 1151 957 Coti.

64 973 254 1053 Farn'Lips.
276 985 306 1033 et
329 995 408 1054 seqq.
428 984 547 1054 praeter
564 973 689 1034 Seebod.
709 973 823 1033 Dronk.
846 974 957 1034 Osann.
979 976 1151 1058 quacunque

28 1075 35 1081 ·
64 1053 168 1153 (quac.
192 1052 333 1133 Scebod.)
352 1056 504 1115 induxerit
523 1054 588 1116 lect.
608 1054 701 1116 Codd.
722 1056 786 1115 Par'.
811 1055 897 1116 Vind.
918 1069 988 1117 vett.
1009 1060 1082 1118 Edd.
1099 1078 1149 1121 re-·

63 1137 219 1219 crpieutes.
257 1137 401 1213 Induere,
428 1135 509 1216 quod
531 1138 651 1219 proprie
677 1138 713 1197 de
739 1135 872 1198 uestibus
900 1138 1027 1217 dicitur,
1053 1142 1149 1202 aTa·

64 1218 127 1281 cito
148 1230 310 1299 usurpatur
329 1219 366 1279 de
381 1218 469 1278 animi
489 1218 656 1296 affectione,
679 1216 789 1292 habitu,
812 1240 898 1298 quem
919 1222 984 1300 quis
1007 1220 1150 1305 suscipit:

64 1304 146 1361 Auri.
166 1303 219 1375 IV,
242 1305 288 1360 tn.
308 1336 349 1351 -
376 1300 510 1359 lealitum
536 1321 574 1360 ac
597 1321 681 1361 uoces
706 1301 853 1359 dolentum
874 1304 1061 1362 simulatione
1082 1312 1151 1364 rna-⁵

62 1388 111 1459 gis
132 1403 230 1463 quam.
242 1382 333 1443 libens
352 1382 502 1441 induebat.
521 1382 573 1457 itt,
595 1388 622 1443 7.
643 1408 683 1433 -’-
697 1380 794 1460 Ιἴοι-ἰὼ
813 1381 948 1442 Asinium
970 1395 1001 1444 et
1020 1387 1150 1445 Messal-

64 1466 126 1525 lam
151 1499 195 1511 --
215 1485 354 1539 magnum
374 1468 505 1524 animum
525 1465 662 1524 induisse.
696 1466 770 1523 item
791 1463 854 1523 Liv.
875 1466 924 1540 111,
947 1470 995 1525 33.
1016 1464 1149 1547 adeoque

53 1568 172 1621 ¹noctram
200 1545 258 1604 sili
281 1546 425 1605 induerat·
449 1549 604 1621 ingenium.
647 1545 751 1622 Quint.
780 1546 803 1621 Ι,
833 1549 863 1622 1,
890 1553 918 1605 8.
959 1547 1046 1609 Nilril
1070 1554 1147 1609 enim

60 1632 149 1710 peius
168 1630 287 1707 estiis,
314 1631 365 1707 qni
385 1628 519 1709 paullum
540 1620 656 1710 aliquid
682 1628 762 1686 ultra
787 1630 903 1710 primas
930 1629 1046 1688 litteras
1074 1652 1148 1711 pros

61 1713 162 1786 gressi
179 1706 296 1789 salsam
315 1710 374 1768 sili
398 1712 539 1769 scientiae
564 1713 786 1791 persuasionem
813 1709 977 1769 induerunt.
1019 1711 1146 1774 Baebius

62 1791 140 1853 falso
157 1790 191 1850 h.
210 1790 230 1849 1.
256 1790 401 1851 intellexit
428 1791 463 1851 de
487 1790 613 1867 affectu,
647 1811 733 1870 quem
755 1801 857 1849 orator
875 1801 1013 1871 tanquam
1026 1800 1147 1853 ‘vestem

62 1871 249 1935 auditoribus
268 1872 389 1950 induat,
414 1871 434 1932 i.
455 1892 479 1933 e.
500 1892 561 1954 quo
587 1872 736 1933 auditores
766 1871 802 1930 ad
831 1891 894 1932 rem
915 1872 1148 1955 qualemcunque

62 1955 162 2038 possit
178 1953 310 2015 incitare.

151 2052 280 2127 Vulgata
308 2050 465 2111 dicentium
489 2050 605 2127 gaudia
633 2060 662 2110 et
688 2052 894 2132 imperatorum
920 2072 1033 2133 quoque
1050 2054 1147 2113 oculis

63 2132 205 2217 exposita
230 2130 407 2215 percenseo]
438 2154 535 2214 parua
565 2154 668 2193 censeo
694 2131 829 2193 Beroald.
856 2132 960 2195 Alciat.
987 2132 1082 2196 Rhen.
1110 2134 1146 2194 al.

59 2236 221 2299 percenseo
248 2213 342 2275 Codd.
369 2215 455 2274 Farn.
482 2216 546 2275 Par.
572 2214 660 2274 Vinci.
688 2226 755 2275 cett.
783 2214 857 2273 Edd.
880 2217 958 2274 Anu.
981 2217 1031 2290 Ν,
1052 2217 1081 2276 4.
1104 2251 1144 2264 -

59 2300 286 2382 percensuitque
306 2298 414 2357 cursim
436 2318 586 2357 nnmerum
608 2299 762 2372 legionum.
790 2295 895 2371 Quint.
918 2298 956 2372 X,
975 2302 1007 2373 2,
1029 2303 1057 2355 8.
1096 2296 1144 2357 Ac

60 2384 91 2441 εἰ
109 2382 212 2441 amnia
229 2398 406 2460 percenseas
420 2415 470 2436 -.
488 2377 564 2438 Piin.
578 2380 684 2460 Paneg.
700 2400 744 2458 cp.
761 2380 809 2436 91.
832 2377 939 2437 Obstat
958 2379 1160 2454 verecundia‚‘

61 2464 220 2545 quominus
234 2480 475 2542 persenseamus,
504 2481 560 2538 quo
580 2470 735 2540 utrumque
755 2467 887 2517 nostrum
907 2462 1072 2518 testimonio
1094 2482 1145 2520 or-

61 2546 157 2611 naris.
197 2543 296 2619 Quam
313 2541 379 2602 lect.
397 2553 479 2602 recte
501 2540 593 2602 Orell.
615 2551 717 2600 contra
748 2538 858 2598 Osann.
881 2550 999 2600 tuetur:
1029 2540 1144 2624 dioga.

60 2637 166 2699 tornm
186 2622 341 2685 comitatus
362 2634 429 2684 ete
467 2644 568 2699 essus,
596 2621 628 2680 in
648 2620 762 2680 indiciis
784 2618 1020 2695 venerationem,
1041 2622 1144 2721 populi
1235 2614 1249 2627 ”

62 2706 204 2789 laetitiam
222 2706 379 2785 variosque
407 2645 530 2773 affictus
555 2727 643 2785 quum
666 2723 816 2778 memoro,
846 2702 963 2786 vulgata
984 2702 1143 2765 dicentium

62 2788 170 2873 podia
200 2798 232 2848 ct
247 2785 458 2869 imperitorum.
479 2807 598 2867 qnoque
626 2776 720 2846 ocuii's
750 2805 784 2844 er
807 2783 882 2843 osita
902 2804 1077 2865 percenseo,
1112 2785 1145 2849 id

61 2882 130 2949 est,
161 2890 321 2942 enumero;
355 2866 407 2929 scd
426 2864 515 2951 longe
534 2867 642 2928 maiora
663 2877 733 2927 sunt
760 2807 808 2925 itii
829 2866 988 2927 secretiora
1009 2878 1081 2928 cet«
1101 2903 1142 2916 ..-

61 2950 217 3033 Frequens
247 2962 294 3011 est
322 2950 427 3011 Tacito
457 2962 488 3010 et
515 2948 711 3031 scriptoribus
744 2948 844 3009 aetatis
883 2960 1036 3030 argenteae
1069 2972 1143 3013 usus

60 3031 167 3116 pertici
188 3030 209 3092 ii
230 3054 323 3113 praes.
341 3032 426 3093 activ.
444 3051 500 3114 pro
524 3030 727 3106 substantivo,
755 3041 791 3088 ut
811 3031 969 3088 dicentium
991 3064 1028 3075 —
1052 3052 1142 3090 oran-

61 3116 143 3197 tibus
166 3054 228 3175 inc
255 3136 335 3195 cap,
370 3114 581 3195 imperantibus
608 3135 653 3194 cp.
681 3117 745 3185 13.,
774 3106 977 3170 dicentem—
1005 3111 1142 3171 iudican-

60 3202 138 3259 tium
168 3216 214 3277 cp.
240 3203 308 3272 20·‚
337 3194 583 3277 praecipientium
612 3217 656 3277 cp.
683 3200 752 3269 28„
787 3193 969 3251 audientiam
1004 3213 1048 3273 cp.
1081 3198 1142 3269 30,

60 3278 127 3351 ars‚'
144 3278 287 3337 medentis
307 3312 346 3324 -
367 3280 496 3353 regentis
523 3299 567 3358 cp.
588 3277 638 3337 41.
689 3274 740 3334 Sic
768 3274 872 3350 Quint.
895 3276 934 3347 X,
957 3276 986 3348 1,
1009 3278 1056 3333 15.
1071 3279 1144 3334 ,sine

61 3360 284 3422 demonstrante
304 3354 374 3439 ibi-q.
394 3357 514 3419 Herbst.
534 3360 558 3432 1,
579 3362 609 3430 2,
632 3360 680 3416 31.
702 3359 815 3415 orantis
837 3376 901 3414 coa.
924 3357 945 3428 Ι,
971 3359 1018 3429 11,
1040 3360 1071 3416 3.
1091 3354 1144 3415 ars

60 3444 238 3519 dicentium.
253 3474 292 3487 -
324 3441 371 3501 De
394 3439 538 3500 sententia
559 3439 587 3497 h.
608 3437 626 3496 l.
649 3437 685 3499 cs.
704 3437 779 3496 Ptin.
800 3438 874 3517 Epp.
896 3439 945 3509 tlt,
967 3441 995 3494 3.
1040 3437 1144 3517 Quen-¹

60 3536 127 3601 turn
155 3525 322 3605 eloquentia
352 3524 466 3596 caleat,
495 3521 628 3600 plurilus
656 3519 776 3578 credere
800 3528 899 3595 potes;
928 3538 998 3577 nam
1028 3519 1147 3587 dicendi

51 3598 193 3687 facultas
216 3615 323 3685 aperta
344 3614 373 3664 et
392 3607 528 3685 exposita
548 3606 650 3661 statim
672 3604 808 3660 cernitur.

131 3704 205 3773 ‚Illa
221 3705 384 3761 secretiora
399 3737 437 3750 -
461 3703 579 3760 maiora
599 3696 683 3779 sunt]
706 3696 899 3775 Quantopere
912 3694 980 3755 Tac.
1001 3694 1143 3775 frequenss

60 3798 106 3851 tet
124 3784 260 3847 adiectiv.
279 3792 409 3845 secretus
430 3783 478 3844 ed.
501 3782 532 3841 in
553 3779 699 3841 Boettich.
720 3780 789 3837 Lex.
810 3778 878 3836 Tac.
909 3775 995 3855 Apud
1017 3775 1144 3853 Quintil.

59 3871 265 3949 Vi.·prooem.
289 3869 460 3933 11·,esstat
486 3863 570 3923 locus
599 3884 665 3923 cum
693 3870 800 3919 nostro
823 3859 1051 3937 comparandus:
1085 3860 1147 3919 Sed

60 3951 136 4009 haec
154 3970 224 4031 spes
245 3947 362 4007 adhuc:
396 3948 450 4004 illa
478 3949 615 4015 maiora,
646 3943 831 4013 constantia,
860 3943 1013 4017 gravitas,
1040 3951 1147 4001 eontra

59 4032 177 4097 dolores
197 4033 288 4091 etiarn
310 4048 348 4088 ac
367 4038 462 4086 metas
482 4027 580 4085 robur.
605 4021 608 4027 ’

139 4127 202 4183 sice
227 4127 405 4180 accuratam
429 4114 662 4192 meditatamque
688 4107 803 4190 profert
825 4106 1006 4188 orationem]
1032 4104 1146 4189 perfert

61 4204 230 4270 CodFarrt.
245 4198 346 4277 adfert
358 4192 703 4266 contraeundum.
718 4211 813 4271 usque
828 4192 863 4251 ad
878 4189 1005 4265 Drouk.,
1021 4188 1145 4271 qui-rer.

890 4283 935 4344 3*
