2634 4656
207 239 269 335 t'ot
397 246 417 279 ”
506 236 684 355 ‘uzarae
705 272 744 334 a
767 271 968 351 armatu·

208 443 261 510 cat
285 441 341 499 aut
369 424 475 498 saciat.
527 425 618 521 Quin
645 426 740 498 etiam
765 418 829 526 ipsi
850 440 1012 527 parentes·
1028 412 1090 499 nee
1114 427 1274 528 probitati

208 526 317 626 ne'que
342 523 522 622 modestiae
541 524 695 626 parvulos
722 526 1047 616 assuefaciunt,'se'd
1072 526 1226 603 lasciviae
1243 545 1275 604 et

205 718 324 781 prorsus
343 715 433 778 neque
452 694 546 756 dicere
565 714 654 778 nequa
666 691 769 773 'tacere
786 698 935 778 quicmram
950 701 1035 778 pensi
1054 697 1192 759 balabat.
1211 697 1273 760 Lir.

209 781 318 852 XXVl,
341 782 387 838 15.
414 781 479 860 quis
498 768 587 860 ireque
607 777 676 859 quid
690 775 828 856 saccrcnt
848 798 936 860 nequa
958 780 1028 862 quid
1044 779 1177 839 dicerent
1196 785 1273 863 pasio-

208 880 294 945 quam
315 878 440 944 unquam
456 863 539 942 pensi
549 857 665 938 suisset.
685 860 822 934 XXXlV,
842 863 890 920 49.
911 861 1012 934 111111,
1036 867 1063 920 7.
1101 861 1208 922 Rarius
1229 874 1274 925 en

206 946 289 1026 pensi
307 942 421 1001 ducere.
464 941 556 1000 Valer.
577 943 651 1000 Maxi
672 943 708 1014 11,
729 946 759 1014 9,
782 947 809 1000 3.
839 944 1012 1023 amplissimi
1036 943 1154 1004 donaris
1180 949 1272 1004 maia-

111 1065 113 1076 .
208 1033 314 1085 statam
337 1027 536 1106 inquinauerat
557 1042 609 1081 nec
630 1027 714 1104 pensi
739 1023 867 1083 duxerat
889 1057 926 1069 —·-
949 1026 1063 1085 ascribi.
1103 1027 1224 1088 Praeter
1243 1027 1272 1087 h.

208 1105 228 1166 l.
249 1104 293 1166 bis
313 1105 421 1188 legitur
439 1109 523 1186 pensi
537 1105 645 1164 lralrcrc
665 1127 708 1186 ap.
728 1106 795 1164 Tac.
811 1105 888 1165 Ano.
903 1108 982 1182 Xlll,
1000 1112 1028 1167 5.
1050 1118 1079 1167 et
1093 1107 1171 1168 Hist.
1188 1111 1211 1183 1,
1222 1111 1272 1184 46.

257 1215 262 1225 ‘
288 1189 358 1271 quiri
376 1208 477 1246 coram
498 1183 607 1265 infanta
632 1187 746 1247 domino
767 1198 820 1246 aut
843 1187 926 1247 (licat
947 1199 999 1248 aut
1016 1187 1132 1272 faciat]
1164 1189 1273 1252 ttiner.

208 1268 290 1353 prius
312 1280 365 1328 aut
384 1269 486 1344 eiecit,
513 1269 592 1350 quod
612 1268 744 1328 Schraot.
770 1268 801 1327 in
823 1267 895 1330 Cod.
917 1272 1002 1330 Fara.
1022 1266 1122 1332 deesse
1140 1285 1275 1334 annon·

208 1351 260 1421 vit.
302 1353 444 1412 Dominus
462 1349 480 1410 i.
502 1372 529 1431 q.
550 1349 627 1410 filius
645 1349 754 1411 herilis.
778 1351 824 1410 vd.
840 1351 931 1412 Plaut.
953 1351 1065 1434 Captiv.
1081 1353 1201 1451 prolog.
1226 1360 1273 1416 18.

208 1435 318 1496 laven..
331 1437 379 1509 14,
405 1437 471 1493 169.
491 1444 524 1493 et
548 1454 619 1514 quae
641 1432 756 1516 egregie
777 1433 812 1492 de
832 1431 886 1494 hac
906 1434 1162 1516 re'praeceprtib.
1177 1439 1218 1498 44
1230 1458 1272 1520 sq.

290 1537 342 1575 nec
360 1517 502 1599 probitati
521 1536 609 1597 neque
628 1513 806 1655 modestiacp
830 1517 896 1575 Tac.
920 1517 1018 1576 Germ.
1040 1522 1067 1576 9.
1080 1521 1171 1577 ··Aun.
1191 1520 1272 1597 xtV,

150 1600 153 1606 ’
210 1604 259 1660 21.
283 1601 400 1678 Zumpt.
423 1599 476 1657 Gr.
496 1596 524 1679 ξ.
545 1602 612 1656 337.
635 1609 664 1657 et
683 1599 787 1657 Frotsc
810 1617 817 1657 ι
843 1598 882 1673 ad·
900 1598 1002 1672 Quint.
1023 1600 1061 1674 X,
1083 1598 1111 1674 1,
1134 1604 1205 1660 101.
1229 1600 1272 1661 ai-

209 1682 326 1740 firmant
344 1680 418 1740 hanc
438 1679 656 1739 collocationem
682 1679 798 1760 partire.
825 1679 964 1739 rariorem
993 1701 1162 1762 essequam
1183 1704 1272 1767 nequo

211 1797 249 1810 -
273 1780 343 1838 acc,
365 1763 444 1842 quod
465 1773 550 1842 negat
571 1762 696 1843 lleraog.
719 1762 753 1820 ad
774 1759 855 1822 Caes.
876 1763 909 1820 B.
932 1759 965 1822 C.
988 1765 1098 1838 1,50.,
1121 1764 1172 1844 qui
1196 1765 1273 1826 iuter

210 1866 261 1905 nec
281 1878 318 1890 -
340 1864 428 1927 nequa
449 1846 565 1903 eandem
584 1843 645 1903 lere
666 1843 805 1902 rationem
830 1843 1010 1904 intercedere
1031 1843 1175 1926 ait'quam
1195 1845 1271 1909 iuter
1297 1882 1300 1887 ⁴

189 1932 299 2009 ‘neque
321 1960 357 1975 -
380 1938 422 2000 et,
451 1927 501 1985 sed
529 1925 631 1985 ordine
653 1936 790 1984 mutato.
812 1925 959 1994 Eeksteio.
986 1939 1132 2008 comparat
1152 1929 1211 1989 otim
1232 1962 1269 1977 ·-

211 2013 274 2070 aiot
292 2005 355 2089 (vel
372 2010 435 2082 μήτε
456 2040 492 2051 -
513 2007 613 2087 μηδέ),
643 2028 767 2087 qnorum
795 2006 865 2066 illud
886 2007 997 2083 lenius,
1028 2008 1085 2068 lroc
1104 2009 1212 2072 fortias
1233 2012 1271 2074 sit

211 2089 278 2152 coll.
299 2088 408 2185 Reisig.
436 2089 471 2146 ad
490 2089 580 2168 Soph.
605 2089 677 2148 Oed.
699 2087 763 2148 Col.
784 2094 861 2166 806..
878 2089 994 2149 Dissen.
1020 2091 1055 2150 ad
1074 2090 1159 2151 Pind.
1184 2090 1269 2178 Pptlr.

212 2176 243 2245 8,
264 2176 324 2246 63,
345 2171 449 2251 qmbus
466 2170 539 2229 addo
556 2169 657 2229 Frank.
679 2183 833 2235 comment.
848 2174 881 2232 ll.
903 2173 938 2231 de
953 2172 1069 2253 particc.
1090 2187 1216 2257 negaott.
1233 2177 1267 2236 L.

213 2256 250 2314 G.
273 2275 301 2334 p.
325 2257 375 2313 14.
393 2254 536 2334 Hartnug.
556 2251 641 2310 Lehr.
662 2274 688 2311 v.
710 2252 736 2310 d.
757 2252 865 2333 griech.
880 2255 954 2313 Part.
978 2254 1042 2312 Vol.
1062 2256 1083 2312 l.
1104 2268 1140 2336 p.
1157 2261 1237 2318 tots
1259 2303 1267 2318 .

212 2335 259 2398 (ll.
278 2334 385 2418 Reisig.
409 2333 523 2393 Vorles.
544 2333 571 2418 §.
592 2337 660 2394 240.
680 2357 704 2393 c.
727 2346 836 2394 annott.
865 2337 948 2395 Hans.
971 2335 1116 2396 Eckstein.
1142 2339 1178 2399 ad
1196 2280 1261 2401 Did

213 2424 262 2480 31.
282 2418 396 2498 Zumpt.
418 2417 453 2476 ad
473 2414 533 2476 Cic.
557 2419 638 2475 Verr.
659 2418 680 2488 l,
701 2422 750 2487 27,
773 2423 820 2475 69.
842 2417 876 2477 de
898 2417 1009 2477 rariore
1028 2440 1083 2477 asu
1103 2441 1149 2500 ap.
1170 2419 1230 2483 Cic.

294 2500 431 2558 lasciuiae
450 2509 479 2558 et
500 2495 670 2580 dicacitati]
691 2496 762 2558 coo.
784 2501 867 2558 Farn.
886 2500 1050 2574 hilaritati,
1072 2504 1154 2580 qnod
1167 2506 1270 2565 altat

211 2605 289 2668 gers.
315 2585 399 2641 Varr.
420 2583 510 2641 Lectt.
530 2584 568 2655 V,
593 2587 637 2640 12.
666 2580 695 2639 in
720 2584 866 2644 rivalitati
890 2593 1030 2640 mutatum
1057 2584 1171 2665 recepit¹
1195 2586 1268 2647 Eet-

214 2665 298 2726 stein.
327 2664 357 2723 in
378 2662 584 2736 Eo..Watttr.‚
615 2662 664 2742 qui
684 2661 781 2731 verba⁸
799 2685 852 2744 per
877 2663 926 2746 fig.
946 2671 973 2723 tu
992 2668 1036 2723 διὰ
1054 2670 1130 2725 duotr
1150 2658 1269 2749 explicat

214 2748 346 2807 lascivam
374 2745 460 2804 animi
488 2744 668 2804 alacritatem.
697 2747 829 2804 Gronov.
861 2744 1003 2806 Observv.
1031 2769 1059 2828 p.
1079 2753 1149 2809 351.
1181 2751 1269 2811 etam

214 2840 294 2890 recte
315 2827 447 2908 scripsit,
474 2826 652 2886 vivacitatem
680 2847 825 2905 nunquam
852 2826 881 2885 in
903 2828 974 2887 vitio
995 2827 1082 2909 poni,
1110 2832 1220 2893 nedum
1236 2842 1270 2895 at

214 2907 372 2971 modestiae
396 2909 435 2969 sit
461 2909 596 2980 adversa,
635 2909 685 2966 sed
713 2919 762 2967 aut
788 2921 905 2968 naturae
930 2909 1057 2970 indolem
1084 2924 1135 2972 aut
1162 2912 1275 2996 ingenii

214 2991 385 3074 corporisve
401 2990 572 3054 alacritatem
590 2989 760 3071 significare.
802 2992 859 3050 Sed
873 3003 906 3050 ut
920 2992 1078 3053 accuratius
1093 2994 1120 3053 lr.
1137 3016 1166 3061 v.
1180 2997 1206 3056 si
1244 2996 1270 3057 i-

213 3075 363 3135 licationes
383 3073 582 3154 explanemus,
605 3076 744 3131 vivacitas
762 3073 879 3153 proprie
894 3085 939 3133 est
957 3079 1148 3153 μακροβιόιης,
1168 3082 1198 3140 εὐ
1213 3086 1268 3146 ute,

215 3157 352 3218 naturalis
377 3156 463 3234 vigor
489 3168 519 3215 et
544 3154 655 3229 robur,
683 3155 734 3214 sed
753 3175 768 3213 a
787 3156 998 3235 posterioribus
1021 3158 1136 3219 demum
1158 3161 1269 3244 scripto

215 3260 269 3321 per
294 3236 510 3298 translationem
538 3237 573 3296 de
595 3236 680 3295 animi
701 3235 844 3298 alacritate
863 3237 976 3311 dieitur.
1016 3239 1065 3300 Sic
1084 3241 1200 3303 Arnob.
1220 3244 1268 3305 ad·

216 3314 292 3382 vers.
308 3330 386 3402 gent.
400 3321 435 3377 V.
455 3341 483 3400 p.
501 3325 565 3379 157.
586 3322 725 3378 uiuacitas
737 3319 841 3393 cordis,
865 3323 896 3378 V.
913 3343 940 3401 p.
959 3326 1024 3380 179.
1042 3326 1153 3397 ingenii
1163 3330 1268 3387 atract-

216 3413 280 3478 tas,
319 3405 351 3460 ll.
372 3423 399 3480 p.
422 3403 470 3461 45.
498 3421 621 3461 'acumen
656 3411 684 3459 ct
712 3404 855 3460 uiuacitas.
906 3403 1016 3462 Adiect.
1043 3402 1138 3465 risam
1176 3408 1286 3483 rarius¹

216 3484 269 3545 ltac
292 3481 387 3567 signis.
414 3482 549 3542 translata
573 3482 695 3563 reperiri
715 3483 863 3542 annotavit
886 3484 1031 3567 Spalding.
1051 3487 1086 3546 'ad
1108 3478 1218 3563 eriratt¹
1233 3492 1266 3565 ll,

29 3626 34 3634 ¹
115 3557 119 3611 ¹,
216 3564 247 3641 6,
275 3572 302 3626 3.
353 3566 482 3624 Praestat
514 3563 604 3705 iptur
636 3565 796 3624 emendatio
825 3565 890 3646 Bip.
925 3567 1077 3627 dicacitati
1107 3585 1224 3654 recepta
1250 3590 1268 3633 a

214 3649 330 3710 ¹Schola.
353 3647 452 3708 Oberl.
472 3647 532 3706 Bet
553 3690 559 3704 .
579 3647 675 3708 Boett.
694 3645 780 3706 Baclt.
802 3647 892 3722 ttin.‚
922 3647 968 3708 cni
994 3649 1195 3734 suffragantur
1211 3650 1267 3714 loci

217 3731 319 3806 Quint.
339 3732 390 3802 Vl,
412 3736 442 3801 3,
462 3735 509 3788 21.
556 3729 709 3791 llicacitas
731 3733 792 3788 sinc
820 3729 905 3789 dubio
929 3750 949 3788 a
968 3731 1106 3807 dicendo,
1151 3736 1210 3796 uod
1225 3744 1268 3796 cst

216 3818 294 3885 omni
310 3816 411 3888 generi
429 3833 594 3885 commune,
615 3810 701 3870 ducta
717 3821 778 3870 cst:
794 3817 911 3893 proprie
930 3823 1026 3872 tamen
1041 3819 1119 3890 signi
1140 3828 1192 3877 ca't
1206 3838 1267 3877 scr·

216 3916 326 3954 monem
352 3916 415 3953 cum
443 3898 503 3952 risu
527 3895 637 3974 aliquus
662 3897 856 3953 incessentem.
876 3898 925 3955 41.
965 3897 1058 3955 Siculi
1073 3899 1210 3978 quidem,
1237 3908 1268 3960 ut

215 3986 281 4034 sunt
300 3978 401 4035 lascivi
421 3984 448 4034 et
466 3977 590 4035 dicaces.
630 3974 722 4034 Aliam
737 3987 832 4036 tamen
850 3998 914 4037 esse
933 3977 1109 4043 dicacitatem
1130 3981 1268 4062 parvulo-

214 4079 296 4131 rum,
331 4057 412 4116 aliam
440 4079 483 4138 ap.
507 4055 566 4117 Cic.
593 4057 628 4117 de
657 4058 737 4117 Orat.
758 4060 797 4132 ll,·
822 4061 861 4119 54
878 4081 937 4139 sq.,
974 4080 1058 4141 quam
1085 4082 1124 4124 ue
1153 4077 1267 4126 veteres

212 4139 328 4220 quidem
354 4137 614 4221 reprehenderent,
639 4139 721 4200 facile
741 4151 786 4199 est
805 4142 840 4201 ad
859 4141 1083 4226 intelligendum.
1113 4147 1209 4222 'Quid
1229 4146 1268 4209 sit

204 4225 329 4284 lasciua
344 4221 454 4305 optime
481 4221 603 4306 explicat
621 4216 710 4284 Kritz.
722 4222 765 4284 ¹ad
781 4222 850 4284 sut.
867 4225 927 4307 lug.
948 4231 994 4286 66.
1034 4225 1191 4290 Dicacttas
1208 4228 1267 4312 igi-
