2634 4656
524 252 805 355 capaces..
945 233 951 240 ’
1112 277 1154 339 aa

65 423 185 498 sthene
212 424 376 501 Sacerdos
401 425 464 499 istc
493 424 625 529 Nicetes
652 442 682 498 et
718 425 747 499 si
771 426 847 526 quis
873 425 957 500 alins
981 426 1154 529 Ephesum

64 593 132 653 Pu't.
154 615 237 674 seqq.
271 595 383 654 Graius
405 593 498 655 forma
526 614 589 654 rara
614 595 690 675 apud
719 594 879 677 scriptores
908 617 1011 657 aureae
1038 596 1152 674 aetatis,

64 674 207 754 frequens
218 688 270 738 est
287 677 362 756 apud
378 689 478 756 poetas
500 674 562 757 (vd.
579 675 676 735 Burni.
697 676 732 736 ad
751 676 942 736 AntheiLat.
952 678 987 736 T.
997 681 1016 737 1.
1029 676 1152 760 pass.)
1205 703 1207 706 ·

52 767 96 817 et
117 756 218 836 script.
236 769 345 836 poster.
361 759 434 816 Hor.
451 758 515 815 nrt.
532 770 611 838 poet.
628 781 654 816 v.
670 763 738 818 323.
753 756 814 819 Cic.
829 759 917 820 N.'D.
937 760 987 835 tlt,
1008 765 1056 825 21.
1076 761 1151 841 Rep.

65 838 102 909 11,
124 840 155 898 4.
176 836 246 916 ibiq.
269 838 344 897 Mos.
381 838 491 898 Oehsn.
520 838 554 896 ad
580 835 639 898 Cic.
669 837 771 919 Eciog.
799 863 827 920 p.
851 845 920 898 310.
960 838 1051 900 Corn.
1076 841 1151 922 Nep.

64 916 298 999 prae1'3.'ihiq.
319 920 416 978 Brem.
435 931 464 979 et
479 919 592 979 Daelrn.
612 921 768 981 Dederich.
790 922 825 980 ad
844 921 923 980 Dice.
943 918 1024 983 Cret.
1045 924 1082 997 ΙΙ,
1100 928 1150 982 42.

111 1032 114 1037 ·
148 1025 180 1077 ut
200 1016 314 1089 longius
334 1017 412 1074 adsit
431 1016 469 1075 ah
490 1014 687 1077 Aeschine'et
707 1015 935 1158 Demosthene]P
957 1019 1077 1078 adiisset
1099 1041 1151 1079 su-

60 1096 219 1176 persenia
236 1096 309 1157 Cod.
324 1100 408 1157 Fara.
427 1099 504 1158 ahsit
520 1096 613 1158 Codd.
634 1100 697 1158 Par.
714 1099 800 1158 Vind.
820 1100 892 1159 Edd.
938 1120 972 1158 ro
990 1099 1151 1161 Aeschines

64 1189 95 1237 et
114 1177 327 1238 Demosthenes
341 1178 371 1237 in
387 1177 480 1239 Codd.
496 1182 560 1240 Par.
583 1179 670 1239 Vind.
691 1181 764 1239 Edd.
782 1181 859 1261 Spir.
879 1183 945 1240 Put.
962 1181 1031 1240 Ber.
1053 1181 1149 1242 Rhen.
1226 1242 1229 1255 ,

62 1256 95 1316 in
117 1256 269 1341 Castigatt.
290 1282 317 1340 p.
338 1262 407 1319 446.
446 1261 589 1321 Aeschine
610 1282 645 1320 ac
659 1263 854 1321 Demosthene
872 1263 1050 1342 proposuit,
1069 1263 1149 1344 Lips.

62 1338 209 1401 Aeschine
228 1351 257 1399 et
267 1340 461 1403 Demosthene
478 1354 586 1423 recept.
604 1342 639 1402 ab
657 1341 765 1401 omnib.
782 1343 855 1402 Edd.
893 1342 1007 1402 Oreliio
1021 1354 1101 1404 recte
1117 1344 1149 1405 in

63 1433 178 1480 anuott.
189 1421 333 1502 probatur
347 1423 385 1481 ah
401 1423 546 1482 Aeschine
561 1434 590 1482 et
604 1423 799 1484 Demosthene
814 1423 843 1483 in
859 1445 948 1506 marg.
958 1425 1010 1483 Ed.
1022 1425 1148 1502 Franci,

64 1502 148 1582 quod
175 1501 253 1561 hona
280 1502 419 1563 Latinitas
442 1503 567 1584 requirit
593 1516 622 1563 et
652 1504 717 1584 quia
738 1505 816 1564 inter
845 1503 922 1563 adsit
949 1516 979 1564 et
1005 1505 1149 1565 Aeschine

10 1579 18 1594 '
62 1583 148 1644 iaeiie
168 1584 207 1643 ah
223 1584 357 1645 excidere
373 1584 496 1665 p'oterat.
540 1584 589 1645 Si'e
605 1585 676 1645 Diai.
696 1593 743 1646 23.
757 1607 846 1668 prope
864 1584 947 1644 abest
962 1587 1000 1644 ah
1023 1585 1148 1665 infirmi-

63 1673 137 1723 tate.
178 1666 272 1724 Hand.
291 1666 379 1725 Turs.
400 1665 467 1725 Vol.
489 1667 509 1725 1.
531 1689 558 1747 p.
580 1672 629 1725 38.
651 1674 699 1728 62.
719 1678 877 1747 praeeunte
898 1667 1026 1751 Scyiert.
1045 1669 1147 1728 Gracia.

20 1744 27 1756 ‘
62 1746 127 1805 Lat.
144 1746 180 1805 Τ.
202 1748 252 1804 lV.
272 1769 300 1828 p.
324 1751 390 1806 181.
412 1748 560 1821 observat,
581 1747 678 1808 verbis
698 1750 810 1821 abesse,
835 1748 1032 1825 abalienare,
1051 1750 1148 1813 ahda«,-

62 1848 151 1901 cerc,
178 1828 344 1887 absterrere
372 1843 487 1910 semper
515 1828 652 1910 componi
679 1827 945 1909 praepositionem,
983 1828 1035 1887 ubi
1063 1851 1147 1909 sepa-

10 1960 16 1971 .
61 1908 140 1968 ratio
162 1908 210 1968 vei
237 1909 363 1969 remotio
385 1910 436 1969 iiat
464 1910 588 1970 archus
617 1910 767 1985 animatis,
799 1931 884 1990 saepe
914 1909 1027 1983 omitti,
1058 1910 1146 1970 ubia

61 1988 153 2050 rebus
173 1989 336 2067 inanimatis
357 1991 423 2050 fiat:
443 1993 555 2062 ⁴ad'cssc
579 1993 704 2072 puhlicis
730 1994 855 2053 coresiliis
882 1991 945 2049 Liv.
966 1993 1075 2066 xxvt,
1098 1996 1145 2051 13.

61 2072 204 2132 seditione
214 2074 291 2145 V111,
301 2078 349 2131 32.
370 2071 462 2151 officio
483 2072 543 2133 Cic.
559 2074 595 2134 dc
615 2066 702 2134 (istic.
724 2076 746 2147 1,
769 2076 815 2133 14.
832 2070 959 2152 (Beier.)
982 2072 1052 2131 urhe
1069 2074 1145 2153 Epp.

62 2153 199 2235 atharn.
220 2155 258 2224 V,
282 2158 346 2228 15.,
376 2155 426 2213 scd
455 2155 538 2214 Brut.
563 2162 613 2230 62,
635 2162 705 2215 222.
748 2156 875 2214 Multum
896 2154 934 2212 ah
964 2154 1011 2214 his
1039 2156 1146 2213 aderat

61 2234 99 2294 L.
124 2232 225 2313 Tofins
244 2233 263 2292 i.
284 2255 310 2294 e.
332 2234 425 2294 multo
446 2234 570 2296 interior
593 2249 655 2297 erat
674 2237 731 2297 his.
769 2237 943 2296 Tenendum
963 2247 1069 2307 autem,
1093 2234 1145 2295 Gi<

61 2335 201 2375 ceronem
223 2315 413 2395 plerumque,
442 2318 567 2391 Quintil.
596 2340 711 2398 semper
737 2316 800 2376 sive
829 2319 865 2376 de
893 2315 988 2386 rebusx
1010 2317 1152 2378 animatis-

61 2395 126 2456 sive
143 2396 305 2455 inanimatis
328 2396 491 2476 inquuntur
511 2401 612 2457 ahcsse
633 2400 810 2479 cnrnponer'c
833 2420 856 2457 c.
869 2397 1034 2476 praeposit.
1055 2419 1074 2456 a
1097 2399 1144 2456 v'd.

62 2474 145 2537 Ciav.
167 2475 261 2536 Cicer.
283 2490 312 2536 et
332 2479 445 2537 Bonell.
469 2481 539 2538 Lex.
562 2479 666 2554 Quint.
683 2502 705 2537 s.
721 2479 806 2537 v.‘cf.
823 2479 1022 2536 destructura
1041 2477 1143 2538 verbb.

61 2558 218 2638 composit.
240 2580 264 2618 c.
283 2560 440 2639 praeposit.
455 2560 565 2642 Reisig.
588 2559 703 2619 Vorles.
724 2559 752 2641 ᾗ.
772 2561 842 2619 419.
859 2559 943 2616 Haas.
958 2571 1056 2616 annot.
1073 2565 1143 2619 577.

59 2639 181 2699 Ramsh.
202 2641 263 2709 Gr:
277 2641 304 2721 ti.
330 2646 395 2700 142.
414 2649 441 2700 8.
464 2649 491 2701 6.
520 2640 636 2724 (scrbb.
658 2656 788 2723 compos.
811 2661 835 2700 c.
857 2659 1063 2719 praepossa,
1095 2640 1142 2713 de,

61 2722 124 2801 ex).
154 2718 243 2780 Bach.
263 2723 383 2782 adiisset
402 2723 523 2803 recepit,
544 2746 640 2808 quum,
656 2723 739 2782 ahira
753 2723 791 2782 ah
812 2723 912 2803 aliqua
925 2740 957 2778 re
977 2720 1024 2780 vel
1042 2723 1143 2803 aliqua
1164 2784 1169 2803 ι

60 2798 96 2862 re
116 2801 194 2861 idern
215 2801 308 2861 valeat
328 2803 406 2881 quod
428 2805 590 2879 discedere,
622 2806 772 2877 recedere,
801 2803 1007 2876 ut.Ann.V1,
1030 2809 1078 2862 22.
1106 2824 1142 2862 ne
1240 2849 1245 2854 -

58 2904 135 2943 nunc
154 2886 272 2963 incepto,
286 2885 399 2958 longius
422 2886 563 2962 ahicrim,
585 2898 615 2946 et
637 2886 764 2967 plusqpi.
786 2886 941 2956 abiissem,
967 2884 1047 2963 quod
1067 2905 1141 2964 pen-

61 2964 130 3024 deat
148 2963 185 3023 ab
207 2965 288 3023 infin.
309 2965 466 3041 accidisse,
489 2967 554 3027 ideo
576 2980 719 3049 ponatuq,
742 2967 808 3046 quia
824 2963 958 3025 Messalla
978 2965 1142 3044 exprimere

59 3044 192 3105 voluerit
212 3066 249 3104 eo
268 3045 332 3126 ipso
353 3058 503 3142 tempore,
524 3070 583 3129 quo
604 3049 759 3128 loquatur,
782 3047 872 3106 istum
891 3046 1022 3105 Nicetem
1042 3058 1142 3105 tanto-

58 3147 132 3207 pere
152 3126 207 3185 iam
228 3132 379 3186 recessisse
400 3151 462 3187 sive
485 3143 629 3189 remotum
651 3130 741 3189 inisse
758 3128 793 3188 ab
814 3127 961 3188 Aeschine
983 3139 1012 3186 et
1028 3129 1140 3186 Demo-

61 3207 177 3267 sthene.
199 3207 253 3265 Vd.
279 3207 398 3266 Walch.
416 3210 452 3268 ad
473 3209 572 3294 Agris.
594 3218 621 3270 6.
642 3223 715 3270 extr.
743 3211 790 3269 De
811 3208 958 3268 Aeschine
981 3219 1010 3266 et
1029 3209 1140 3268 Demo-

60 3287 168 3349 sthene
190 3287 226 3348 ci.
245 3286 321 3358 Dial.
341 3293 390 3348 25.
939 3290 942 3295 ’
1187 3295 1190 3299 ’

145 3369 292 3429 Sacerdos
317 3374 372 3428 iste
397 3370 524 3450 Nicetes]
543 3374 687 3432 ‘sacerdos
714 3376 769 3432 iste
796 3374 885 3430 enitet
904 3368 996 3431 Codd.
1019 3382 1049 3430 et
1068 3380 1140 3431 vett.

59 3449 134 3509 Edd.
154 3450 315 3525 Dosithens
335 3450 468 3511 erenan.
488 3452 519 3511 in
539 3451 690 3536 Castigatt.
713 3455 730 3513 Ι.
752 3454 770 3512 1.
791 3453 936 3512 Sacerdos
951 3455 1006 3510 iste
1023 3452 1143 3514 Nicetes

61 3550 97 3591 ex
120 3531 635 3614 emend.Lips.ii1Lect.antiq.l,
659 3541 705 3595 16.
732 3534 766 3594 ab
795 3533 867 3592 Edd.
889 3555 967 3612 seqq.
988 3545 1139 3612 receptum
1164 3538 1167 3543 '

61 3610 229 3680 estituir
257 3614 454 3696 Smyrnaeus,
486 3636 570 3693 quem
597 3617 708 3696 pariter
736 3637 768 3675 ac
791 3614 1004 3688 Quintilianum
1026 3613 1140 3674 Plinius

60 3692 216 3785 Seeupdus
237 3692 325 3775 (Epp.
345 3688 396 3766 vt,
418 3693 461 3776 6.)
484 3698 595 3793 Romaq
611 3697 822 3776 frequentabat,
841 3693 945 3754 rhetor
966 3706 995 3753 et
1008 3690 1165 3775 sophista*-

60 3774 132 3834 satis
155 3774 269 3848 clarus,
299 3773 349 3834 sed
370 3797 479 3855 genere
505 3776 620 3839 dicendi
639 3777 741 3837 inflato
762 3789 793 3839 et
812 3774 1024 3856 dithyrambica
1048 3796 1063 3834 a
1087 3797 1139 3836 vc·
1237 3798 1240 3802 ’

59 3866 125 3916 tere
139 3855 307 3935 eloquentia
322 3856 442 3915 alienus.
482 3859 654 3940 Fragmenta
670 3860 732 3918 eius
746 3868 862 3918 exstant
876 3856 976 3916 Scnee.
995 3855 1139 3918 Controv.

61 3939 85 4009 I,
100 3942 128 3995 5.
151 3959 180 4017 p.
198 3944 264 3996 108.
281 3942 308 3995 7.
329 3948 362 4017 p.
375 3941 440 3998 124.
455 3945 482 3997 8.
505 3962 531 4020 p.
553 3947 618 3999 130.
638 3943 687 3999 lV.
707 3945 753 4000 25.
774 3963 802 4021 p.
818 3944 877 3999 285
894 3959 936 4017 sq.
960 3944 1007 3997 29.
1025 3963 1053 4019 p.
1069 3944 1138 4000 316:

59 4021 113 4091 vl,
133 4023 183 4077 31.
205 4041 232 4098 p.
250 4023 318 4077 338.
341 4024 388 4078 33.
408 4041 436 4099 p.
460 4025 527 4080 352.
553 4025 601 4081 34.
627 4044 653 4103 p.
676 4027 744 4083 363.
765 4022 830 4101 Bip.
850 4022 897 4080 vd.
920 4019 1059 4080 Phiiostr.
1077 4021 1138 4081 vit.

59 4097 153 4180 Soph.
173 4104 198 4174 1,
223 4104 269 4160 19.
291 4099 333 4157 Ka
356 4122 378 4159 s.
401 4102 565 4162 Westerm.
588 4103 696 4163 Geseh.
720 4104 746 4162 d.
769 4102 879 4187 griech.
895 4102 1029 4162 Beredts.
1044 4103 1072 4184 S.
1089 4108 1140 4162 86.

135 4188 166 4241 et
185 4183 291 4263 siquis
304 4122 391 4259 ndns]
410 4182 490 4242 Haec
509 4183 634 4244 formula
653 4206 670 4245 a
687 4184 808 4246 Graecis
823 4183 975 4266 desumpta
990 4184 1049 4267 (me
1062 4193 1089 4246 st
1100 4188 1140 4255 ni
