2634 4656
521 238 598 322 Gap.
621 239 680 301 IX.
1098 241 1140 300 57

17 389 19 392 ’
61 406 222 487 cogatur,
256 405 296 464 ut
323 391 389 464 sint
422 388 482 492 qui
506 391 687 490 dignentur
712 390 849 482 audire,
881 405 914 464 et
937 418 981 466 ne
1005 390 1042 464 id
1068 391 1144 491 qui-

61 490 141 562 dem
176 488 297 584 gratis:
337 519 414 571 nam
449 507 481 564 et
511 492 648 564 domum
679 507 849 564 mutuatur
877 507 909 562 et
941 491 1143 578 auditorium

61 589 204 672 exstruit
227 605 259 660 et
289 588 449 664 subsellia
474 590 632 666 conducit
658 607 690 663 et
713 588 844 663 libellos
871 589 1044 703 dispergit.
1101 590 1145 663 Et

50 741 141 825 finge
163 743 277 827 aliquid
296 755 324 805 et
345 744 471 818 excede,
493 744 570 828 quod
587 747 627 803 sit
642 755 781 828 perpetuo
800 755 889 805 tuum.
910 743 1039 802 Lactant.
1062 740 1143 823 opit.

60 829 86 904 l,
102 832 133 888 2.
143 827 235 893 ‚nulla
244 847 291 885 me
306 829 523 886 necessitate-
532 826 682 909 impediri,
703 831 852 909 quominus
867 823 981 908 aliquid
992 823 1145 884 exendum.

149 905 343 989 elucubravit]
365 904 438 967 Cod.
453 910 477 966 F
478 929 538 967 aru.
552 907 632 988 Lips.
652 918 682 967 et
696 929 776 988 seqq.
796 907 870 966 Edd.
885 917 1002 988 praeter
1020 903 1146 983 Dronk,

62 986 118 1066 qui
137 988 299 1048 lucubravit
319 1010 336 1048 e
353 1000 425 1048 vett.
444 989 519 1049 Edd.
541 1000 608 1048 ante
627 987 706 1070 Lips.
729 987 886 1051 revocavit.
907 985 970 1047 Cic.
989 987 1075 1046 Brut.
1093 990 1145 1064 90,

62 1072 135 1129 312.
154 1070 264 1129 multae
279 1066 471 1151 (orationes),
493 1090 566 1153 quos
578 1091 634 1129 uon
651 1074 745 1130 minus
765 1072 919 1145 diligenter
933 1068 1103 1128 elaboratos
1116 1074 1146 1127 et

10 1184 13 1189 <
62 1152 207 1230 tauquam
227 1149 414 1210 elucubratos
435 1149 645 1230 afferebamus.
694 1173 712 1232 p
736 1197 743 1210 .
767 1154 805 1211 ad
823 1151 913 1212 Attic.
930 1152 995 1226 Vll,
1017 1154 1063 1209 19.
1085 1151 1147 1234 epi·

61 1232 193 1306 nolam,
220 1251 308 1313 quam
335 1252 419 1291 eram
448 1232 651 1306 elucubratus,
682 1174 734 1291 od
751 1243 781 1293 te
809 1255 865 1294 aon
893 1230 969 1291 dedi.
1003 1230 1105 1290 Parad.
1124 1234 1146 1290 1.

61 1331 198 1392 prooem.
227 1317 348 1394 accipies
376 1315 430 1373 hoe
452 1334 576 1397 porcum
612 1316 775 1397 opuseulum
802 1314 983 1375 lucubratum
1010 1312 1056 1371 leis
1084 1316 1147 1372 lam

61 1394 303 1454 contractioribus
320 1395 455 1454 noctibus
777 1407 784 1415 “

13 1477 15 1480 ’
147 1495 255 1549 rogare
275 1476 351 1535 ultro
370 1488 406 1536 et*
420 1476 533 1536 ambire
555 1475 692 1574 cogatur]
716 1477 798 1537 Ultro
819 1475 838 1535 i.
854 1498 881 1555 q.
899 1474 1032 1558 insuper,
1053 1472 1147 1549 oben-

65 1554 154 1615 drein
174 1556 222 1615 vd.
243 1570 323 1637 supr.
343 1572 388 1638 cp.
410 1562 438 1617 5.
487 1557 585 1616 Locus
607 1570 653 1618 est
672 1557 795 1641 insignis
817 1558 853 1618 de
874 1559 1076 1617 Romanomm
1099 1576 1149 1617 re-

64 1635 275 1713 citationibus,
305 1638 340 1697 de
365 1636 474 1718 ¹quibus
501 1639 623 1698 uberius
652 1650 853 1721 exposuerunt
877 1638 956 1719 Lips.
988 1637 1083 1718 Epist.
1112 1636 1148 1698 ad

63 1717 150 1800 Belg.
172 1716 294 1779 Centur.
317 1723 352 1777 ll.
370 1722 420 1780 48.
451 1720 564 1801 Gierig.
585 1721 709 1781 Excurs.
725 1724 745 1781 1.
769 1721 805 1779 ad
824 1717 899 1778 Plio.
918 1721 993 1801 Epp.
1009 1720 1095 1778 Tom.
1111 1722 1147 1776 11.

63 1821 95 1880 p.
117 1802 304 1861 sse-545.
332 1802 367 1859 E.
390 1798 425 1862 C.
448 1801 486 1861 G.
504 1800 632 1862 Weber.
653 1803 690 1862 de
710 1813 863 1883 poetarum
877 1802 1078 1860 Romanorum
1099 1800 1148 1860 re-'

65 1880 265 1942 citationibus.
300 1882 410 1942 Vimar.
438 1887 526 1942 1828.
565 1885 594 1943 4.
644 1882 691 1943 Α1)
719 1882 849 1965 Augusti
877 1893 969 1942 aetate
998 1879 1149 1941 obtinebat

64 1983 132 2022 mos
157 1959 256 2042 (cuius
277 1963 400 2046 vestigia
426 1964 482 2023 iam
510 1976 567 2023 tem
591 1964 696 2025 oribus
721 1964 829 2025 liberae
857 1963 901 2022 rei
928 1961 1061 2044 publicae
1091 1960 1148 2022 sibi

65 2043 296 2124 deprehendisse
326 2045 408 2107 uisus
437 2056 482 2105 est
506 1988 693 2128 Weberus)‚
723 2047 770 2107 cui
797 2045 896 2105 locum
924 2045 1067 2104 dederunt
1093 2051 1150 2104 tm·

63 2130 161 2192 dictae
190 2137 221 2184 et
246 2128 389 2202 ἀκροάσεις
418 2138 571 2210 poetarum
605 2139 635 2187 et
670 2129 867 2209 sophistarum
895 2123 1088 2185 Alexandriae
1120 2133 1152 2185 et
1179 2149 1181 2153 ¹

64 2205 194 2268 Athenis
224 2206 376 2268 institutae
403 2209 451 2268 vd.
480 2206 630 2269 Heinrich.
654 2208 818 2271 Commeat.
847 2209 882 2268 ad
909 2212 1010 2268 quen.
1040 2208 1100 2267 Sat.
1125 2208 1149 2284 1,

67 2293 118 2349 12.
148 2287 317 2349 Weichert.
343 2289 392 2349 iib.
416 2291 513 2370 Apoll.
539 2291 754 2372 Rhod..p.·1s.
776 2297 824 2351 52.
846 2291 963 2361 Ernest.
981 2290 1050 2348 Lex.
1071 2285 1150 2348 terh.

66 2370 175 2440 Graec.
197 2391 226 2450 p.
248 2376 328 2447 122,
354 2382 388 2431 ut
408 2385 511 2452 poetae
533 2372 693 2452 imprimis,
716 2372 810 2432 rarius
832 2371 984 2445 historici,
1015 2380 1150 2429 oratores

67 2461 102 2522 et
119 2446 304 2532 dialogorum
325 2452 484 2534 scriptores
512 2451 619 2533 scripta
641 2454 745 2514 suain
771 2452 929 2512 amicorum
951 2450 1152 2510 eruditorum-

67 2552 127 2612 que
150 2532 302 2592 hominum
321 2555 479 2607 consessu,
508 2534 760 2613 quorumiudicia
778 2535 814 2593 de
835 2532 891 2591 illis
915 2531 1067 2612 explorare
1087 2529 1151 2591 vel·
1198 2583 1204 2593 ,

65 2613 150 2685 lent,
178 2614 343 2674 recitarent.
390 2614 508 2697 Duplex
530 2627 591 2674 tum
611 2636 704 2696 genus
732 2613 845 2675 exstitit
872 2613 1077 2681 recitationum
1103 2608 1152 2672 vel

65 2693 251 2777 publicarum
279 2696 309 2756 in
329 2696 464 2770 theatro,
492 2696 577 2772 soro,
605 2695 715 2756 balneis
738 2696 860 2776 aliisque
880 2694 953 2754 loeis
974 2692 1100 2774 publicis
1115 2691 1153 2752 ad

90 2774 213 2857 opidum
234 2776 439 2838 oblectandum
459 2778 680 2854 institutarum,
701 2779 736 2838 ad
759 2800 829 2859 quas
847 2776 939 2837 cuivis
960 2776 1054 2834 aditus
1069 2785 1152 2855 patc-

107 2869 137 2930 t,
164 2858 212 2918 vel
232 2860 410 2940 privatarum
430 2831 512 2920 dmi
542 2872 572 2920 et
600 2881 697 2920 coram
723 2860 822 2941 paucis
855 2858 953 2919 amicis
978 2855 1152 2937 habitarum.

68 2936 168 3003 Media
189 2939 272 3020 quasi
291 2941 425 3023 publicae
445 2953 475 3001 et
494 2941 622 3022 privatae
637 2943 822 3003 consuetudo
842 2939 876 2999 ab
896 2939 1002 2999 Asinio
1016 2937 1153 2999 Pollione

68 3014 190 3081 iuuenta
211 3020 336 3097 dicitur,
366 3022 417 3102 qui
438 3021 549 3104 primus
573 3044 634 3084 non
661 3023 757 3084 solum
779 3021 877 3083 amicis
900 3033 930 3080 et
950 3018 1153 3095 familiaribus,

69 3099 125 3163 sed
146 3101 231 3162 etiaht
251 3102 314 3181 aliis
336 3103 504 3164 hominibus
526 3104 595 3165 satis
619 3105 763 3179 eruditis,
784 3124 859 3185 quos
880 3101 1029 3160 auditione
1051 3099 1154 3180 digna-

68 3194 172 3258 retur,
193 3182 224 3242 in
243 3184 421 3245 auditorium
441 3185 489 3245 vel
511 3207 584 3246 voce
606 3186 652 3246 vel
667 3183 720 3267 per
732 3185 842 3245 litteras
858 3181 1026 3243 convocatis
1045 3179 1154 3260 scripta

69 3283 126 3325 sua
152 3264 296 3325 recitavit.
346 3265 394 3328 cf.
421 3268 525 3327 Senec.
552 3269 690 3348 Excerpt.
721 3265 864 3326 Controv.
893 3266 931 3345 L.¹
953 3267 1003 3320 tv.
1032 3284 1060 3342 p.
1082 3263 1154 3323 441.

68 3343 139 3425 Bip.
163 3344 330 3407 Thorheck.
360 3348 396 3408 de
421 3348 473 3418 rit.
499 3359 533 3408 -et
563 3348 663 3432 script.
690 3347 774 3407 Asin.
794 3345 921 3408 Pullion.
942 3366 971 3425 p.
995 3349 1062 3402 107.
1104 3340 1155 3402 Sic

68 3424 233 3507 Virgilius,
261 3428 405 3502 Ovidius,
434 3429 629 3510 Propertius,
655 3429 793 3490 Tibullus
823 3428 929 3508 aliique
958 3436 1063 3508 poetae
1085 3420 1155 3483 clari

69 3506 200 3569 armine
219 3509 426 3591 suaprivatim
447 3511 624 3586 recitabant,
652 3513 779 3589 quorum
799 3506 1015 3590 exempla'mali
1036 3522 1155 3598 quoque

69 3599 194 3671 poetae,
221 3591 303 3650 velut
330 3592 479 3663 Fannius,
505 3592 708 3672 Hermogenes
730 3604 785 3670 ente.
814 3591 908 3650 se'cuti
938 3598 1024 3659 sunt,
1052 3594 1088 3642 ut
1107 3605 1155 3642 ru-

11 3695 15 3702 ·
70 3677 263 3730 notescerent
291 3672 423 3753 ipsisque
449 3671 544 3732 aditus
569 3673 603 3732 ad
626 3673 754 3755 Augusti
781 3682 811 3731 et
830 3668 1004 3730 Maecenatis
1026 3662 1156 3735 liberati-
1263 3668 1265 3675 '

70 3759 162 3810 tatem
183 3772 215 3812 ac
235 3753 364 3812 favorem
386 3754 546 3834 patefieret.
595 3755 669 3814 Post
695 3757 862 3835 Augustum
883 3748 1069 3809 recitationes
1091 3765 1156 3804 ear-

70 3830 184 3890 minum
205 3827 295 3914 magis
318 3833 596 3914 frequentabantur,
617 3845 652 3893 ut
672 3854 688 3892 a
707 3835 845 3906 Lucano,
868 3830 942 3890 Silio
963 3826 1074 3900 italico,
1096 3828 1156 3886 Va·
1292 3880 1294 3884 .

71 3910 149 3972 lerio
169 3913 274 3974 Flacco
297 3926 327 3974 et
348 3915 460 3985 Statio,
490 3936 652 3994 quanquam
672 3935 734 3973 nou
755 3914 809 3974 suh
829 3911 965 3970 omnihus
983 3906 1157 3969 Caesaribus
1260 3965 1263 3970 .

93 3993 173 4054 oesis
196 4006 226 4054 et
275 4007 407 4055 oetarum
433 3996 617 4055 recitantium
641 3995 714 4054 laeta
743 3995 800 4054 fuit
820 3993 968 4066 conditio,
997 3989 1080 4051 velut
1101 3988 1157 4049 sub

70 4014 214 4152 iiber-io,
237 4018 385 4172 (iiiiqula,
406 4076 594 4147 Domitiano;
624 4075 821 4157 Vespasianus
842 4087 945 4155 contra
964 4071 1064 4132 fautor
1083 4089 1158 4161 poe·

70 4165 170 4216 urum
198 4159 335 4238 praemiis
363 4156 606 4240 splendidissimis
635 4176 689 4220 eos
723 4157 830 4220 affecit.
879 4155 943 4227 Sub
969 4153 1071 4216 Nerua
1096 4169 1158 4210 ma·
1201 4166 1204 4172 '
