2634 4656
464 243 706 328 Can-XXXII·
799 198 815 318 ι,
1054 248 1129 315 »215

65 394 272 495 eloquentiae
295 424 450 494 numeros
475 399 553 487 isse,
578 415 615 483 ut
640 397 783 498 denique
807 411 969 473 oratorem
988 425 1061 473 esse
1078 399 1129 472 sn-

65 511 191 582 teatur;
217 525 314 596 quem
341 526 409 570 non
429 527 528 599 posse
552 498 644 572 aliter
665 500 819 573 exsistere
844 504 952 598 neque
967 499 1148 577 exstitisse
1170 527 1171 531 ’

65 623 214 695 unquam
248 596 406 671 confirmo
438 599 512 680 ‚nisi
546 627 643 684 euni,
684 598 740 698 qui
773 614 928 699 {anquam
959 598 992 670 in
1026 597 1129 683 aciens

66 695 223 769 omnibus
249 699 348 769 nrnris
375 699 571 786 instructus,
604 698 712 779 sicin
736 696 1027 791 lorunr'onrnibus
1049 697 1129 777 arti·

64 792 131 866 bus
156 813 300 871 armatus
325 799 446 871 exierit.
499 798 600 895 Quod
627 798 710 871 adeo
737 798 916 896 negligitur
941 797 983 870 ab
1010 798 1128 871 horum
1203 805 1206 811 ’
1236 855 1239 859 ,

65 969 163 1042 βᾳίνειν
182 969 311 1035 trienne
339 967 385 1026 vd.
407 966 504 1027 Valet.
528 969 564 1028 ad
590 969 690 1050 Eurip.
710 968 822 1029 Phoen.
848 991 877 1030 v.
898 961 1009 1029 411201
1031 969 1130 1043 155403

65 1047 211 1129 significat
231 1048 258 1108 lr.
281 1049 298 1107 Ι.
320 1062 510 1130 pertractare,
540 1064 692 1132 penetrare
717 1050 843 1131 aliquid,
872 1050 920 1111 diu
947 1050 1131 1131 multumque

64 1130 176 1191 vers'ari
195 1131 226 1190 in
243 1131 338 1212 aliqua
351 1153 391 1191 re.
409 1132 494 1192 ovid.
512 1135 588 1194 Fast.
603 1136 627 1208 l,
646 1139 692 1193 15.
733 1134 837 1193 Arrnue
856 1135 976 1197 conanti
991 1154 1045 1215 por
1060 1135 1131 1201 ,lane

65 1211 119 1297 des
138 1217 182 1271 irc
201 1226 325 1290 tuorurn.
369 1216 581 1294 Frequentatur
599 1215 743 1291 aQuint,
764 1216 811 1275 vd.
829 1216 897 1275 Le'x.
912 1214 1046 1280 Bonnell.
1061 1237 1085 1281 a.
1102 1234 1131 1274 v.
1204 1273 1209 1279 ,

58 1295 102 1366 -lp
113 1300 142 1368 7,
165 1300 213 1354 35.
256 1296 324 1362 Nost
344 1296 458 1357 obstant
478 1297 535 1355 luae
555 1298 722 1380 disciplinae
742 1300 882 1378 perillus
904 1299 1050 1371 euntibus,
1078 1297 1133 1357 sed

65 1379 150 1435 circo
177 1379 244 1436 illos
272 1379 464 1437 haerentibus.
491 1381 555 1454 Vll,
578 1384 606 1455 1,
627 1384 674 1441 64.
703 1391 777 1442 nunc
795 1390 899 1440 'cunnus
920 1392 975 1459 per
1001 1378 1133 1454 singulos

65 1479 224 1518 causarum
238 1460 419 1520 iudicialium
431 1472 540 1543 portes.
562 1463 600 1537 X,
616 1468 645 1535 5,
660 1467 708 1522 21.
722 1482 782 1541 ,per
797 1472 876 1522 totas
889 1465 932 1519 ire
948 1465 1090 1521 materias
1106 1482 1130 1521 e.

63 1552 164 1600 annot.
178 1541 296 1601 Herbst.
316 1543 459 1604 Numeros
472 1541 585 1602 Dronk.
600 1543 743 1604 intellexit
756 1544 791 1603 de
806 1542 934 1624 partibus
949 1541 1131 1623 eloquentiae

65 1621 134 1682 coll.
156 1623 259 1697 Quint.
284 1626 354 1683 Vlll.
375 1645 505 1704 prooem.
530 1630 554 1685 t.
576 1629 693 1685 inuenta
713 1627 882 1709 disponendi
903 1659 938 1670 -
959 1647 1014 1706 per
1034 1647 1133 1685 omues

29 1720 32 1725 “
65 1724 199 1765 numeros
217 1709 331 1786 pertitus
346 1728 539 1781 cognoscere„
568 1708 626 1767 Sed
643 1708 711 1768 haec
726 1708 836 1768 locutio
852 1707 969 1787 proprie
983 1709 1132 1787 desumpta

63 1798 113 1847 est
132 1785 167 1845 ab
186 1784 218 1846 ie
235 1788 385 1862 athletica,
407 1788 484 1847 unde
504 1788 637 1850 rhetores
658 1789 761 1869 multas
782 1788 921 1855 formulas
941 1788 1060 1870 petiisse
1079 1810 1129 1849 an-

45 1864 232 1936 ,notavimus
253 1871 288 1929 ad
308 1869 381 1929 Dial.
403 1877 430 1929 5.
452 1870 555 1945 Quint.
580 1873 617 1946 X,
639 1876 669 1945 1,
690 1875 717 1932 4.
744 1873 797 1932 sed
815 1868 946 1944 athlete,
966 1875 1016 1955 qui
1034 1891 1131 1930 omnes

64 1953 128 2010 ium
145 1952 332 2032 perdidicerit
353 1973 373 2010 a
391 1963 578 2034 praeceptore
597 1974 750 2028 numeros,
783 1975 836 2037 quo
859 1974 964 2028 genere
986 1949 1130 2022 exercitur

64 2036 153 2093 tionis
173 2034 215 2092 ad
236 2038 399 2112 certamina
417 2036 641 2117 praeparandus
659 2040 707 2097 sit.
736 2038 799 2110 ΧΙΙ,
821 2043 851 2109 2,
876 2040 922 2095 12.
964 2035 1005 2095 Et
1025 2045 1132 2116 utpo-

64 2116 200 2177 laestrici
231 2117 360 2177 ductores
393 2119 475 2191 illos,
510 2138 581 2198 urim
617 2139 749 2178 numeros
777 2128 895 2194 vocant,
936 2139 992 2178 niro
1018 2118 1130 2178 idcireo

65 2196 241 2260 discentibus
260 2199 396 2276 trudunt,
426 2209 457 2260 ut
483 2203 520 2257 iis
541 2201 687 2274 omnibus,
716 2222 790 2283 quoe
810 2200 990 2273 didicerunt,
1018 2204 1130 2282 inipso

62 2279 195 2352 luctandi
214 2284 371 2348 certamine
391 2290 510 2342 utantur
531 2288 586 2342 ete.
606 2283 708 2343 Senes.
729 2282 830 2342 Renes.
846 2285 910 2356 Vll,
935 2287 968 2341 1.·
980 2281 1055 2343 Plio.
1074 2284 1129 2341 Pa-

63 2382 133 2444 neg.
148 2365 197 2434 71,
216 2369 242 2422 6.
270 2362 539 2425 ttmncscomnatti
551 2385 687 2424 numeros
703 2365 803 2424 olr'bcs
819 2387 841 2424 c.
857 2375 968 2423 annott.
980 2363 1129 2423 Schwarn.

34 2454 97 2523 get
118 2441 199 2503 Gier.
228 2448 358 2504 luven.6
391 2449 460 2505 247.
484 2446 527 2504 ool
546 2449 611 2526 quis
630 2467 687 2504 non
709 2447 917 2505 uidituulncro
933 2447 1014 2525 pali,
1036 2445 1129 2525 Quem

64 2534 154 2594 corut
174 2527 300 2585 assiduis
319 2488 437 2589 sudibus
462 2536 600 2607 scutoque
628 2528 743 2587 lucessit
767 2525 861 2608 Atque
880 2547 977 2586 omnes
996 2546 1129 2587 numeros

63 2608 190 2688 incolet?
225 2608 273 2668 Sic
294 2609 423 2669 onuribus
440 2612 573 2692 numeris
586 2608 733 2669 absolutus
754 2608 827 2668 Plin.
850 2609 922 2688 Epp.
943 2609 992 2680 lX,
1014 2614 1061 2667 38.

128 2710 159 2758 ut
174 2698 247 2759 decrit
258 2721 293 2759 uc
308 2709 454 2758 curatorem
471 2719 532 2758 esse
538 2698 720 2778 fateatur-2-
732 2720 819 2782 neque
836 2698 997 2781 exstitisse]
1017 2710 1047 2758 et
1060 2710 1129 2760 ante

63 2792 97 2842 ut
117 2782 148 2841 in
169 2724 343 2841 Codd..Par.
364 2781 451 2840 Vind.
473 2793 502 2841 et
521 2793 590 2842 vett.
614 2781 684 2840 Edd.
706 2781 831 2842 deletum
851 2781 906 2843 iam
927 2781 961 2841 ab
983 2782 1075 2842 nhen.
1094 2793 1128 2842 et

63 2862 213 2941 omissio
238 2861 310 2923 cod.
332 2865 416 2936 Fato.»
435 2875 510 2923 teste
531 2862 656 2924 schluut
678 2909 684 2922 .
706 2863 853 2924 eiecerunt
873 2885 970 2944 seqq.,
996 2864 1074 2943 quod
1095 2863 1126 2922 in

62 2945 208 3025 anaphora
229 2967 342 3024 semper
367 2945 516 3013 abestvd.
537 2947 635 3006 Boett.
657 2887 733 3013 lex.
747 2948 815 3006 Tae
836 2946 970 3028 Prolegg.
990 2969 1018 3027 p.
1039 2943 1132 3005 LXLJ
1231 3012 1235 3023 Ι

62 3027 178 3089 Deinde
197 3026 230 3086 ab
257 3028 358 3087 eodeni
380 3025 452 3086 Cod.
472 3029 661 3092 confirmatur
681 3049 741 3089 esse
763 3051 778 3089 e
798 3028 919 3088 coniect.
939 3030 1046 3087 Muret.
1076 3024 1125 3089 re-

62 3123 180 3190 ceptum
201 3108 235 3168 ab
258 3108 348 3169 Orell.
368 3108 456 3170 Bekk.
476 3110 574 3170 Boett.
593 3123 634 3170 et
653 3122 753 3191 postea
773 3132 788 3170 a
813 3110 926 3169 Waltlr.
947 3110 1033 3184 Bach.
1053 3110 1126 3170 ltin.

62 3191 174 3272 Recepi
195 3212 283 3272 neque
299 3194 444 3251 exstitisse
459 3213 514 3272 pro
528 3213 580 3251 nec
599 3202 672 3251 eust.
693 3213 728 3252 ex
749 3192 850 3252 eodem
871 3190 942 3253 Cod.
964 3214 988 3252 o.
1007 3188 1124 3253 Waltlt.

60 3273 150 3341 Bauli.
167 3285 197 3333 et
210 3274 297 3343 nisu
319 3272 460 3333 Sclrurcll.
475 3274 670 3335 coniecturam
689 3296 750 3334 esse
763 3276 882 3357 denique
896 3284 1042 3334 oratorem
1060 3296 1128 3359 curn

52 3355 194 3438 fateatur
222 3368 332 3415 rnutato
362 3352 465 3416 ordine
485 3379 531 3417 vv.
553 3358 628 3416 d.'o.
656 3371 716 3414 csse
738 3378 801 3416 eum
820 3356 958 3436 joteotur
984 3357 1013 3416 in
1040 3369 1124 3417 textu

83 3437 163 3498 osuit
179 3436 294 3497 Schulz.
336 3437 374 3496 At
394 3438 596 3519 supplemento
623 3459 687 3496 eum
707 3460 767 3497 non
788 3461 862 3520 opus
883 3450 943 3513 est,
963 3462 1060 3519 quum
1080 3438 1122 3499 el·

60 3462 145 3601 lipsis
172 3540 334 3600 prouonrm.
357 3541 400 3600 ap.
425 3523 492 3580 Tac.
515 3520 822 3600 frequentissimasit:
850 3521 897 3580 vd.
917 3542 971 3580 nos
993 3523 1027 3580 ad
1047 3519 1121 3580 Dial.

62 3607 112 3663 19.
133 3602 229 3661 Boett.
249 3603 317 3661 lex.
337 3601 404 3663 Tac.
428 3609 485 3662 383
497 3625 539 3682 sq.
581 3603 659 3662 ldem
679 3602 794 3674 Schola.
813 3602 886 3662 male
901 3602 1023 3683 explicat
1043 3607 1121 3662 eosi-

58 3694 139 3744 stete
158 3706 211 3764 per
229 3684 373 3758 erninere,
399 3684 556 3760 excellere,
587 3705 676 3764 quum
696 3684 865 3766 simpliciter
885 3683 1027 3765 significet
1046 3685 1122 3762 fieri,
1160 3718 1165 3729 .

59 3765 180 3827 exoriri.
210 3764 270 3825 Cic.
293 3766 374 3824 Orat.
397 3773 427 3842 3,
449 3771 494 3826 12.
516 3788 561 3826 me
583 3779 730 3827 oratorem
751 3801 789 3813 ·-
812 3770 964 3827 constitisse.
977 3767 1023 3826 vde
1039 3767 1120 3837 Orat.

58 3850 98 3923 ll,
118 3851 170 3923 46,
200 3850 266 3909 194.
293 3858 412 3928 poetam
438 3848 540 3909 donum
568 3852 708 3908 rrcmincm
739 3882 776 3894 υ-
806 3852 867 3913 sinc
892 3842 1122 3930 inflonrmotionc

59 3934 226 3993 animorum
246 3932 492 4010 exsistereposse.
1017 3958 1021 3963 ·

99 4102 107 4116 ο
142 4024 193 4102 qui
214 4054 251 4116 -ο
273 4019 394 4106 exierit]
414 4021 459 4121 lle
481 4021 532 4144 hoec
545 3996 785 4140 metaphoraud,
807 4031 905 4085 annot.
924 4021 1121 4120 adDial.10„

60 4125 112 4262 u:
128 4101 274 4263 titul?
294 4104 882 4279 tutent-..n‘titicus-
898 4104 963 4251 ..1.
978 4117 1124 4269 tuest:
