2634 4656
187 284 232 345 68
511 245 669 360 Dialogus
692 278 730 341 de
752 273 938 341 Oratoribus

189 448 282 523 sent,
318 458 386 505 non
411 438 553 547 paterer'
569 428 731 519 immanes
761 426 837 501 illos
863 445 895 502 et
919 425 965 500 ad
980 453 1148 532 pugnam
1171 443 1268 503 natos

189 536 330 611 lacertos
366 532 494 605 lentate
525 528 625 602 iacuii
659 544 717 600 aut
751 527 839 600 iactu
873 527 958 600 disci
986 553 1187 617 vanescere,
1221 526 1269 601 s'ic

188 661 280 708 nunc
306 649 339 705 te
368 630 411 703 ab
436 627 610 702 auditoriis
636 643 668 699 et
698 626 836 699 theatris
861 626 899 699 in
922 625 1034 700 sorum
1063 642 1102 715 et¹
1121 624 1168 698 ad
1191 652 1270 701 cau-

189 761 245 807 sas
275 749 308 807 ct
333 729 378 803 ad
401 756 479 802 vera
508 724 634 827 proelia
666 753 765 814 voco,
802 752 905 823 quum
937 726 1133 826 praesertim
1160 753 1204 801 ne
1227 724 1270 801 ad

188 829 272 905 illud
298 828 433 929 quidem
454 825 635 919 confugere
657 825 786 924 possis,
820 823 912 923 qnod
934 823 1104 924 plerisque
1123 816 1270 925 patroci-

188 946 307 1018 natur,
340 944 500 1024 tanquam
531 923 641 997 minus
668 923 851 995 obnoxium
876 923 919 995 sit
951 921 1125 995 offendere
1153 941 1271 1023 poeta.

187 1056 263 1102 rum
284 1054 383 1126 qnam
403 1041 571 1097 oratorum
588 1021 746 1094 studium.
797 1021 1001 1095 Effervescet
1021 1021 1109 1093 enim
1121 1021 1172 1095 vis
1193 1020 1269 1123 pul-³

189 1126 372 1200 cherrimae
404 1140 542 1195 naturae
573 1139 669 1209 tuae,
711 1149 772 1193 nec
804 1147 867 1219 pro
900 1121 1006 1193 amico
1036 1119 1171 1219 aliquo,
1209 1117 1271 1195 sed

181 1223 284 1323 'quod
304 1219 529 1325 ‘periculosius
556 1220 616 1308 es't,
666 1247 704 1291 ro
729 1221 854 1299 Catone
880 1218 1053 1307 offendes:
1082 1247 1145 1293 nec
1172 1248 1271 1293 crcu-

191 1339 285 1395 satur
310 1322 443 1394 assensa
465 1249 711 1392 necessituciine
737 1316 840 1390 officii
866 1334 922 1391 aut
951 1316 1018 1390 fide
1043 1316 1270 1415 advocationis

189 1490 398 1563 Nicostratus,
428 1485 525 1560 Cilix,
548 1506 621 1546 saec.
645 1491 671 1547 1.
691 1509 720 1568 p.
742 1484 795 1548 Ch.
817 1508 846 1545 3.
867 1478 1043 1547 ciarissiuius
1064 1484 1122 1547 suit
1143 1486 1272 1567 luctator

190 1583 221 1632 et
239 1583 388 1653 pugnatur
407 1569 491 1647 isque
511 1568 662 1643 invictus,
682 1568 732 1648 qui
754 1568 858 1627 codem
876 1568 922 1627 die
942 1568 1062 1648 palmam
1083 1569 1271 1648 pancratiiet

189 1653 286 1712 luctae
308 1651 378 1711 tulit
401 1650 433 1709 in
459 1648 536 1708 ludis
566 1647 730 1732 Olympicis
753 1648 872 1733 Olymp.
893 1655 962 1727 2⁰4:
982 1650 1032 1709 vd.
1052 1650 1173 1710 Lucian.
1194 1668 1272 1733 quo·

189 1734 268 1801 mod.
291 1732 394 1793 histor.
416 1730 560 1791 conscrib.
582 1752 626 1811 cp.
652 1736 679 1790 9.
704 1731 809 1807 Quint.
830 1732 867 1805 ll,
889 1736 919 1805 8,
942 1731 988 1790 14.
1016 1730 1140 1791 Pausan.
1159 1734 1199 1806 V,
1220 1736 1269 1805 21.

188 1815 292 1877 Robur
314 1835 352 1874 ao
382 1817 456 1873 uires
483 1816 640 1887 iunguntur·
661 1810 737 1871 Hist.
759 1815 787 1887 l,
804 1817 852 1870 87.
875 1812 913 1886 ΙΙ,
936 1815 982 1870 11.
1021 1814 1186 1874 Vanescere
1205 1832 1270 1873 voc.

189 1907 269 2039 poet.
300 1894 319 1955 i.
342 1919 370 1975 q.
398 1892 493 1953 robur
519 1893 668 1967 amittere,
701 1893 909 1975 languescere,
946 1890 1065 1952 irritum
1097 1893 1165 1954 ficri
1191 1893 1270 1973 Anu.

205 1981 244 2055 V,
266 1981 315 2036 37.
335 1980 374 2051 V,
397 1981 425 2034 9.
447 1975 494 2035 nd.
517 1975 663 2035 Boettich.
684 1976 753 2035 Lex.
777 1975 845 2033 Tac.

273 2068 316 2122 sie·
341 2059 559 2143 aurea-coeo]
582 2060 677 2121 Latini
697 2060 801 2120 multas
820 2060 986 2120 locutiones
1007 2060 1042 2121 ab
1063 2082 1098 2122 re
1117 2061 1222 2125 bellica
1240 2074 1271 2127 et

190 2145 328 2205 athtetica
355 2145 521 2224 desumptas
548 2143 774 2211 transtulerunt,
790 2142 824 2200 ad
851 2140 917 2201 lites
945 2164 1104 2223 causasque
1124 2143 1270 2215 forenses.

189 2226 307 2308 Dialog.
330 2231 376 2286 13.
407 2228 572 2285 certamina
603 2222 746 2304 (epam),
773 2234 809 2281 ut
836 2223 940 2305 Quint.
961 2226 1000 2299 V,
1023 2230 1145 2299 12,‚22.
1159 2246 1287 2309 ,pugna-

181 2305 349 2386 jorensium
375 2308 578 2379 certaminum.
602 2306 641 2380 X,
664 2311 694 2376 3,
714 2309 743 2363 3.
771 2304 857 2363 labor
884 2308 1096 2375 certaminum
1129 2306 1164 2366 it.
1192 2304 1271 2375 tuto
1299 2334 1304 2340 ·

182 2386 267 2467 sari,
300 2390 387 2447 Mars
405 2386 536 2466 farensis
564 2386 611 2445 vd.
639 2384 735 2445 Klein.
761 2386 797 2445 ad
822 2385 909 2444 ovid.
939 2385 1030 2446 Trist.
1058 2388 1116 2461 ΙΙΙ,Ι
1140 2393 1192 2463 12,
1221 2394 1269 2451 18.

75 2472 83 2480 ‘
189 2469 307 2552 Dialog.
326 2475 375 2529 32.
396 2490 480 2551 quem
499 2490 556 2527 nou
574 2488 660 2549 posse
678 2469 780 2526 aliter·
794 2471 936 2529 exsistere
958 2478 1012 2528 etc.
1029 2472 1078 2526 37.
1100 2480 1175 2530 extr.
1193 2469 1270 2539 Plio.

190 2551 265 2632 Epp.
289 2553 325 2622 ΙΙ,
348 2555 396 2609 36.
437 2550 501 2611 Nos
528 2554 621 2623 enim,
649 2553 700 2632 qui
727 2552 757 2607 in
772 2546 845 2628 fora
869 2551 996 2630 verisque
1015 2550 1114 2615 litibus
1134 2555 1270 2627 terimur,-

192 2634 314 2692 multum
324 2632 480 2704 malitiae,
499 2634 630 2713 quanrois
648 2632 783 2704 nolimus,
805 2629 993 2699 addiscimus.
1026 2631 1139 2690 Schola
1158 2642 1190 2691 et
1214 2654 1272 2699 a&

192 2715 350 2788 ditarium,
372 2723 404 2771 ut
415 2710 496 2790 fieta
518 2732 626 2785 eausa,
647 2716 691 2769 ita
711 2733 759 2769 res
773 2714 911 2784 inermis,
925 2715 1053 2770 innoxia
1070 2718 1123 2771 esi.
1164 2714 1270 2789 Quint.

191 2795 230 2868 x,
255 2801 286 2870 1,
304 2797 332 2855 4.
362 2792 445 2875 (iniq.
473 2791 609 2873 Herba.)
637 2796 686 2851 es.
708 2797 756 2850 31.
778 2798 825 2852 33.
848 2797 896 2850 79.
918 2797 984 2852 120.
1020 2792 1091 2872 thia.
1119 2798 1168 2853 se.
1208 2794 1272 2865 Sat

191 2876 238 2939 iris
256 2896 366 2957 quoque
385 2872 582 2933 adhibendum
603 2868 760 2941 est'simiie
779 2874 937 2947 iudicium,
965 2883 997 2931 ut
1017 2878 1109 2933 etiam
1128 2898 1219 2957 quum
1239 2878 1271 2937 in

191 2956 278 3016 rebus
305 2976 452 3015 versemur
475 2953 596 3027 iisdem,
623 2976 680 3012 raon
707 2964 806 3013 taurea
834 2954 957 3013 eandem
983 2952 1046 3015 ess'e
1073 2957 1271 3019 conditionem

190 3041 319 3098 sciamus
340 3039 435 3097 litium
457 3056 496 3095 aa
515 3036 761 3117 disputationum,
780 3033 896 3112 feriet
916 3036 1074 3111 auditorii,
1091 3048 1270 3123 praeceptos

192 3142 258 3180 rum
280 3131 309 3179 et
329 3120 536 3200 periculorum.
576 3118 622 3177 De
643 3116 800 3176 auditoriis
823 3116 858 3177 cs.
877 3116 944 3175 infr.
966 3139 1015 3197 eps
1031 3123 1081 3178 39.
1144 3130 1147 3137 “

274 3201 431 3260 obnoxium
451 3205 491 3259 sit
505 3196 669 3279 offendere]
691 3197 830 3278 Exempla
840 3197 937 3275 ,huius
954 3186 1120 3259 structuraie
1133 3198 1269 3277 rarioris,

192 3281 290 3360 poetis
310 3279 464 3360 propriae,
493 3301 549 3360 qua
569 3279 732 3341 infisntivus
752 3299 808 3359 pro
828 3280 972 3359 gerundia
992 3280 1108 3360 positus
1129 3293 1195 3357 est,
1218 3280 1270 3345 nf-

191 3360 252 3420 sert
272 3361 340 3419 Tac.
361 3366 438 3419 Ann.
458 3362 539 3436 XIV,
560 3367 608 3421 56.
621 3360 856 3439 saciusuatura
875 3362 1131 3431 etaausuetudine
1152 3366 1271 3429 exuet<

92 3516 95 3521 Ι
191 3451 241 3502 tus
260 3442 357 3500 celare
372 3441 469 3504 odium
482 3439 648 3519 fallacibus
667 3442 825 3502 blanditiis.
851 3443 886 3512 ΙΙ,
907 3448 955 3503 56.
985 3453 1076 3502 atrax
1095 3464 1134 3503 aa
1154 3444 1270 3503 dissen-

191 3527 250 3585 tire
269 3519 442 3599 manifiestus
463 3544 487 3583 c.
505 3534 605 3581 annot.
626 3523 713 3582 Bach.
734 3522 832 3604 Agris.
849 3529 877 3581 8.
896 3528 1008 3605 peritus
1028 3524 1147 3606 obsequi
1166 3524 1269 3585 erudi·
1307 3522 1311 3533 '

191 3615 293 3687 iusque
312 3605 399 3662 utilio
419 3604 547 3663 honestis
566 3608 697 3663 miseere.
724 3603 871 3663 Boettich.
899 3606 968 3664 Lex.
994 3606 1062 3665 Tac
1082 3627 1111 3686 p.
1132 3611 1204 3667 265.
1230 3604 1269 3667 de

191 3686 245 3747 vit.
268 3698 298 3746 et
312 3684 411 3766 script.
432 3685 500 3745 Tac
523 3708 552 3766 p.
574 3690 622 3745 61.
641 3684 739 3745 Pabst.
759 3684 822 3744 Ecl.
843 3685 912 3751 Tac.
953 3688 1043 3748 .324.
1084 3686 1187 3760 Quare
1206 3707 1269 3759 non

191 3786 268 3847 opus
281 3780 326 3828 cst
338 3766 508 3827 coniectura
519 3764 629 3825 Acidal.
644 3763 773 3843 offensae
786 3709 953 3846 recepta-,ai
968 3766 1133 3828 Heumann.
1150 3766 1269 3829 Schola.

193 3846 315 3919 0berl.,
334 3859 385 3907 aut
404 3847 523 3926 offensis
543 3847 638 3906 Rhcn.
661 3845 783 3926 probata
803 3846 1048 3945 Fun-Boettich.
1065 3848 1101 3908 al.

190 3924 1269 4086 ...333..3333333333.3333

190 4090 251 4166 sal
269 4087 365 4168 aptius
384 4099 415 4149 et
434 4088 594 4172 elegantius
616 4101 661 4151 est
677 4090 828 4164 futurum,
858 4096 949 4170 quani
971 4089 1046 4153 Cato
1070 4092 1106 4153 de
1129 4092 1268 4153 omnibus

187 4169 362 4255 tragoediis,
393 4191 464 4252 quas
491 4172 644 4233 Maternus
671 4192 738 4235 cum
767 4173 934 4254 potentium
960 4173 1074 4237 offensa
1097 4173 1218 4257 scripsit
1236 4184 1270 4236 et
