2634 4656
1129 239 1139 278 t
1188 280 1194 290 .

182 295 227 357 98
504 292 662 378 Dialogus
684 292 723 355 do
746 288 931 356 Oratoribus

181 473 252 522 uon
275 443 520 546 multoplures
546 471 648 545 qnam
679 442 943 544 quadringentos
969 464 1075 516 annos
1101 443 1267 518 interesse

181 548 270 621 inter
296 560 445 618 nostram
469 561 501 617 et
525 542 761 618 Demosthenis
785 559 933 616 oetatem.
986 543 1092 639 Quod
1116 543 1265 643 spatium

181 645 342 745 temporis
367 643 397 717 si
422 642 466 716 ud
495 642 719 716 infirmitatem
748 668 927 742 corporum
956 658 1150 715 nostrornm
1175 643 1265 714 'rese-

180 770 257 834 ras,
284 732 426 816 fortasse
445 741 584 838 longum
609 741 776 828 videatur,
809 739 853 813 ad
873 758 1026 814 naturam
1052 738 1264 814 saeculorum

181 868 221 919 ae
246 858 433 943 suspectum
458 841 612 914 immensi
638 838 737 912 hnins
762 840 833 913 aeri
857 867 1020 940 perquam
1045 839 1147 914 breve
1170 856 1205 913 et
1227 841 1264 912 in

179 1008 524 1158 tetenstete?
535 1018 803 1150 estitit.
821 1005 985 1150 {ttulit
989 1019 1120 1172 {Yth
1132 1007 1264 1150 litii}

179 1174 315 1236 Troiana.

91 1258 94 1266 '
261 1254 489 1338 quadringentos
509 1247 619 1333 anuos]
648 1251 698 1312 Sic
718 1253 869 1313 hle'rcerns
892 1263 921 1312 et
940 1251 1020 1333 Lips.
1040 1250 1072 1311 iu
1092 1272 1184 1334 marg.
1204 1270 1262 1333 pro

179 1345 326 1398 trecentos
352 1334 418 1395 lect.
447 1332 541 1394 Codd.
569 1345 599 1392 et
627 1345 699 1394 vett.
726 1334 800 1393 Edd.
830 1334 1039 1395 emendandum
1070 1344 1262 1407 censuerunt,

178 1436 255 1499 qnos
291 1437 393 1477 omnes
422 1415 496 1474 Edd.
526 1413 661 1496 deinceps
692 1427 762 1474 sunt
790 1415 893 1475 secuti.
942 1415 975 1474 si
1002 1432 1095 1474 annos
1128 1425 1263 1476 accurate

179 1498 373 1580 computabis,
395 1513 484 1576 quum
503 1493 564 1555 Cic.
585 1495 621 1554 de
641 1496 740 1556 Divin.
763 1496 798 1569 ΙΙ,
815 1502 864 1555 57.
904 1497 1134 1557 Demosthenem
1154 1495 1262 1558 abhinc

177 1591 328 1640 trecentos
349 1597 442 1638 annos
463 1575 555 1636 luisse
576 1577 683 1636 reserat
705 1589 735 1636 et
751 1577 826 1636 Dial.
845 1583 892 1637 17.
915 1577 1045 1660 legatur,
1067 1600 1083 1637 a
1104 1576 1260 1639 Ciceronis

177 1660 301 1721 interitu
321 1659 474 1739 usquead
496 1657 574 1717 hunc
595 1657 689 1734 diem,
718 1658 737 1717 i.
759 1679 783 1718 e.
805 1679 829 1717 a.
850 1665 919 1719 828.
943 1661 981 1718 U.
1006 1657 1058 1732 C.‚
1082 1680 1143 1739 quo
1164 1659 1260 1719 dialo-

177 1750 234 1825 g'us
256 1734 373 1800 habitus
394 1738 534 1822 fingitur,
561 1750 729 1800 eentum‘et
749 1739 854 1821 viginti
874 1760 967 1800 annos
989 1739 1105 1822 colligis,
1135 1739 1261 1820 amplius

178 1820 384 1904 quadringenti
418 1819 487 1880 anni
524 1819 702 1880 efficiuntur.
756 1820 972 1882 Demosthenes
1009 1832 1105 1881 autem
1142 1832 1260 1882 veneno

164 1912 297 1983 'sumpto
312 1902 400 1982 periit
419 1901 450 1959 in
470 1899 565 1960 insula
587 1900 719 1962 Calauria
739 1901 858 1985 Olymp.
881 1906 950 1979 114,
965 1908 993 1962 3.
1019 1907 1065 1962 to.
1082 1902 1111 1962 d.
1140 1902 1165 1963 Ι)
1187 1922 1259 1964 ane-

177 1984 274 2066 psiou.
291 1985 352 2044 sive
370 2003 461 2043 mens.
480 1981 587 2042 Octoh.
608 1989 677 2042 322.
699 2005 723 2042 a.
745 1980 811 2059 Ch,
832 2004 892 2063 quo
913 1995 1046 2066 tempore
1065 1983 1128 2045 iere
1179 2005 1257 2068 ype-

176 2065 256 2126 rides
278 2077 397 2140 orator,
425 2065 583 2123 acerrimus
611 2063 754 2124 libertatis
781 2064 922 2125 defensor
941 2069 1051 2127 'eontra
1079 2067 1258 2128 Macedones

177 2146 213 2207 ah
235 2145 392 2226 Antipatro
414 2142 614 2205 crudelissime
638 2156 757 2205 necatus
780 2157 833 2206 est.
863 2148 911 2206 vd.
932 2146 1078 2208 Plutarch.
1099 2147 1257 2208 Demosth.

174 2232 237 2370 {ik
246 2227 337 2324 Phoc.
356 2231 421 2367 21911
426 2224 500 2364 ΙΙΙὶὶῑ.
521 2226 558 2286 X.
579 2236 666 2286 oratt.
685 2249 714 2308 p.
732 2229 800 2286 849.
821 2249 845 2288 c.
866 2228 953 2288 Phot.
974 2228 1104 2315 Myrioh.
1125 2230 1192 2291 cod.
1206 2236 1256 2292 22

238 2320 359 2369 stema
424 2351 431 2365 .
465 2351 472 2365 .
1275 2330 1279 2337 ’

250 2393 384 2475 sortasse
400 2396 516 2470 longum
537 2394 673 2455 uideatur
685 2431 724 2442 -
742 2395 825 2479 aeos]
848 2395 963 2459 ECod.
977 2401 1061 2458 Farn.
1078 2400 1195 2465 ¹vitietur
1206 2420 1258 2463 re-

176 2487 320 2558 ceperunt
338 2475 411 2536 hiet.
436 2487 466 2537 et
487 2477 593 2552 Bach.‚
623 2475 672 2537 ille
695 2480 775 2558 qnod
796 2478 879 2559 sequi
905 2481 1088 2561 oportuisset
1107 2482 1255 2562 uideatur,

175 2556 202 2616 si
214 2555 347 2636 forsitan
367 2574 423 2638 pro
437 2556 572 2635 fortusse
591 2559 737 2635 dedisset,
766 2559 813 2620 hic
833 2562 913 2641 quod
932 2560 1106 2622 indicativus
1126 2584 1175 2624 res
1199 2585 1256 2625 on·

175 2637 242 2696 deut
262 2637 397 2717 sequenti
424 2638 454 2696 lu
472 2644 610 2720 proximo
632 2650 693 2714 est,
722 2662 818 2721 neque
837 2653 961 2724 propter
979 2645 1112 2723 praeced.
1139 2586 1257 2725 redires

174 2717 315 2778 latinitas
337 2718 467 2798 requirat
486 2721 715 2781 coniunctivum.
756 2722 888 2782 Retinui'
901 2723 1140 2801 coniunctim,
1154 2749 1197 2788 -ac
1217 2727 1255 2789 de

174 2791 340 2857 differentia
359 2796 514 2878 utriusque
532 2800 633 2880 partic.
653 2801 784 2862 conferri
802 2802 889 2864 inheo
909 2805 1003 2865 Hand.
1024 2807 1112 2866 Turs.
1132 2808 1202 2869 Vol.
1219 2811 1254 2869 ΙΙ.

175 2873 245 2938 720.
267 2889 297 2937 et
317 2878 353 2937 de
372 2879 484 2939 rariore
504 2892 652 2941 structura
671 2895 745 2963 part.
764 2883 899 2966 ,sttrtosse
919 2908 944 2948 e.
967 2887 1115 2948 eoniunet
1136 2910 1165 2969 p.
1181 2895 1253 2952 727.

173 2991 215 3009 -
234 2958 295 3019 Pro
315 2963 450 3018 immensi
466 2961 552 3021 huius
570 2968 637 3022 acci
653 2963 685 3022 in
703 2962 797 3024 Codd.
816 2967 902 3026 Facu.
923 2967 1050 3043 vatium,
1071 2969 1151 3029 unde
1170 2971 1252 3033 Bro-

172 3049 230 3099 ter.
250 3050 280 3100 et
299 3052 429 3101 recenti.
449 3055 566 3123 praeter
583 3044 696 3104 Dronk.
718 3056 749 3104 et
769 3046 899 3125 Osann,
926 3048 1012 3108 huius
1032 3053 1169 3111 immensi
1185 3057 1256 3114 osoi

172 3116 268 3183 Codd.
286 3116 351 3182 Par.
371 3121 456 3183 Vind.
472 3134 546 3184 ‘cett
565 3125 639 3184 Edd.
659 3125 806 3188 exhibent.

171 3209 506 3351 millhiiicvl'ih
520 3212 962 3358 tir'tt'ittttildlti
975 3216 1251 3380 hildilid}

171 3368 334 3448 composita
356 3391 441 3451 saepe
454 3393 510 3452 pro
530 3374 693 3448 adverbiis,
720 3376 784 3448 vel,
814 3377 866 3436 uhi
887 3377 969 3439 loeus
987 3380 1061 3456 lert,
1089 3400 1147 3463 pro
1166 3384 1249 3447 adie-

170 3448 258 3510 ctivis
278 3471 436 3530 usurpare,
467 3453 546 3530 qnod
567 3476 661 3535 genus
683 3455 798 3517 dicendi
818 3479 853 3517 ex
875 3459 1038 3521 imitatione
1061 3462 1247 3527 Graecorum
1280 3502 1286 3507 -

137 3557 141 3563 ·
170 3528 336 3612 proiectum
351 3539 413 3605 est,
442 3532 492 3611 qui
516 3544 546 3594 et
565 3535 742 3617 singularem
762 3546 792 3598 et
810 3539 951 3621 pluralem
973 3542 1128 3626 (Romanis
1149 3545 1247 3607 inusi-

169 3608 278 3690 tatum)
306 3623 439 3693 ponunt:
471 3618 498 3673 ds
526 3619 562 3691 τῷ
590 3623 698 3694 ἐλαφρῷ
729 3618 794 3678 εἶναι
822 3620 972 3682 Theocrit.
998 3631 1049 3699 22,
1077 3630 1148 3686 212.
1174 3625 1245 3709 ihiq.

169 3690 276 3753 Kiessl.
302 3699 330 3751 ts
352 3698 459 3771 ἐλαφρῷ
483 3706 624 3773 παρεῖσθαι
650 3698 795 3760 Herodot
817 3702 867 3775 ΙΙΙ,
891 3700 957 3764 154.Ι
994 3704 1063 3785 ihiq.
1091 3707 1191 3768 Valck.
1218 3714 1247 3770 ir

168 3773 263 3848 ἆργοῖς
290 3772 381 3853 Soph.
411 3775 485 3836 Oed.
505 3778 542 3836 R.
565 3784 633 3837 287.
661 3778 762 3839 Herm.
783 3787 810 3848 ἐξ
832 3787 947 3844 ἀέλπτων
969 3785 1048 3846 illac.
1078 3792 1147 3848 716.
1174 3787 1243 3872 ibiq-

167 3851 242 3911 Lob.
268 3859 297 3911 ln
316 3861 363 3913 soii
380 3857 525 3934 εὐπρεποῦς
550 3858 660 3918 Herod.
683 3863 746 3935 Vll,
768 3868 816 3922 57.
845 3858 900 3926 dud
920 3873 968 3928 soii
989 3870 1121 3941 ddouitov
1149 3870 1244 3931 Thus.

167 3933 219 4003 vt,
242 3933 291 3990 47.
339 3935 388 3994 Sic
415 3939 483 3996 Tae.
512 3939 583 4020 Agr.
607 3944 632 3997 1.
659 3943 784 4019 pronum
808 3951 960 4028 magisque
987 3953 1017 4008 ite
1045 3956 1151 4030 operio
1171 3950 1244 4032 suit,

169 4015 217 4071 15.
239 4032 278 4070 oo
290 4012 383 4090 sacili
402 4015 471 4096 ihiq.
492 4017 631 4093 walch,
671 4043 704 4080 ro
726 4036 806 4085 certo
827 4028 889 4086 Liv.
905 4031 942 4104 V,
962 4035 1008 4090 17.
1029 4031 1066 4090 de
1087 4037 1243 4114 improuiso

166 4091 235 4152 Sall.
258 4093 319 4174 lug.
341 4100 388 4153 38.
419 4098 474 4157 Vd
503 4098 594 4159 Kritz.
619 4045 736 4163 πίθοι.
758 4113 786 4166 s.
815 4107 913 4169 Pabse
942 4102 1005 4172 Eel.
1031 4114 1101 4173 Tae.
1121 4136 1151 4196 p.
1173 4119 1242 4175 307.

164 4173 264 4237 Baete
275 4173 346 4235 Lex.
361 4175 429 4242 Tac.
443 4198 467 4242 s.
482 4183 525 4259 iu,
545 4201 609 4246 mea
628 4195 728 4248 annot
750 4187 795 4249 ad.
816 4209 861 4270 cp.
876 4195 905 4252 2.
928 4200 958 4253 et
977 4193 1069 4256 nous
1087 4196 1124 4257 ad
1141 4195 1241 4280 Agris.
