2634 4656
553 263 630 348 cap.
645 262 825 374 X'XXW.
844 290 847 297 ·
1152 272 1216 336 227

148 437 222 494 tum
246 417 463 504 constantiae,
487 416 664 517 plurimum
685 417 798 491 iudicii
816 394 989 495 iuvenibus
1011 424 1216 500 statimuoo-
1278 421 1280 426 ¹

149 518 301 616 tingebat
326 517 359 590 in
384 517 493 590 media
508 517 581 590 luce
603 518 812 592 studentibus
836 537 936 620 utque
956 521 1042 595 inter
1056 524 1128 625 ipsa
1146 526 1216 600 dis·

149 695 304 783 imciesses
323 731 395 772 vero
415 706 584 790 paulopost
603 701 739 769 interesse
757 708 884 790 positum
904 710 999 775 minus
1015 712 1055 772 sit
1072 713 1216 779 odiosum.

151 793 271 870 Quibus
294 789 630 855 observationibusbaec
652 789 811 851 obiicienda
825 793 896 853 mibi
916 795 1062 865 videntur,
1083 801 1216 878 excipere

139 876 183 937 Ἰ).
205 876 224 935 Ι.
245 896 305 935 non
326 872 494 955 simpliciter
514 871 675 954 significare
694 871 811 932 ¹auribus
834 874 895 935 exci
917 897 981 951 ere,
1011 877 1060 936 sed
1081 877 1142 959 (vd.
1163 901 1214 939 an·

152 969 216 1018 not.
238 957 272 1016 ad
292 955 364 1016 Diul.
385 953 428 1035 2.)
455 963 563 1013 attente
584 954 698 1014 etcum
725 954 822 1015 studio
850 899 966 1045 nudilire,
996 956 1213 1038 quod'iuvenes
1243 972 1245 979 '

150 1039 287 1100 didicisse
315 1044 375 1097 non
405 1037 503 1116 inepte
524 1034 678 1110 dicuntur,
706 1036 874 1116 praesertim
902 1061 990 1119 quum
1018 1043 1158 1101 altercari
1181 1043 1212 1102 in

137 1120 270 1182 iudiciis
288 1131 337 1179 aut
357 1120 386 1178 iu
407 1116 596 1179 concionibus
618 1139 678 1178 non
698 1119 779 1177 facile
793 1118 891 1195 suerit,
910 1133 944 1180 ut
957 1144 991 1184 ex
1007 1121 1108 1197 Quint.
1128 1145 1212 1204 prae-

150 1202 243 1284 ceptis
265 1201 283 1261 l.
305 1200 323 1260 Ι.
343 1199 523 1282 intelligitur.
562 1199 711 1280 Repetitio
729 1212 824 1260 eutem
845 1224 871 1265 v.
898 1206 1132 1284 interesse,‘pro
1152 1208 1249 1286 quo-

151 1283 246 1346 Orell.
273 1285 399 1362 inserere
426 1304 457 1341 se
478 1281 559 1362 (Tac.
580 1280 655 1341 llist.
677 1284 712 1357 ll,
736 1287 771 1341 19
794 1293 823 1342 et
843 1281 906 1364 61.)
935 1284 1044 1365 probat.
1066 1287 1162 1346 Boett.
1182 1301 1213 1348 et

96 1430 98 1435 s
148 1368 232 1447 Rup.
251 1364 392 1440 coniecit,
413 1363 533 1423 molesta
555 1372 613 1422 non
634 1375 695 1438 est,
716 1385 804 1443 quum
820 1366 947 1452 exempla
967 1368 1108 1426 eiusmodi
1127 1389 1212 1449 repe-

126 1474 131 1497 2
146 1449 288 1509 titionum
302 1444 378 1526 apud
390 1457 471 1527 optt.
487 1442 598 1525 scriptt.
612 1466 673 1504 non
694 1446 753 1506 sint
773 1445 973 1527 infrequentia.
1000 1470 1027 1507 v.
1045 1446 1105 1510 Cic.
1126 1447 1209 1511 Catil.
1281 1510 1284 1517 ,

148 1533 201 1606 ΙΙΙ,
227 1535 272 1589 12.
299 1529 449 1608 prouidere
471 1558 506 1572 ·-·
526 1527 643 1606 providi
661 1563 700 1577 -
719 1530 880 1608 pruuidere.
920 1529 984 1589 Nat.
1005 1531 1041 1590 D.
1063 1532 1087 1605 Ι,
1109 1536 1138 1604 6,
1162 1535 1209 1592 13.

105 1618 109 1629 ’
149 1615 186 1672 Si
204 1615 260 1670 erit
275 1610 407 1669 *iuuentus
426 1612 545 1690 uliquis,
566 1613 616 1690 qui
634 1610 702 1692 quid
721 1631 815 1669 oerum
829 1613 868 1668 sit
881 1615 1019 1671 inuenerit
1038 1613 1085 1671 vd.
1101 1612 1210 1696 Reisig.
1301 1631 1304 1635 ·

145 1692 266 1753 ·Vorles.
286 1691 313 1773 ᾗ.
337 1697 401 1751 181.
430 1690 553 1750 Beneck.
581 1690 616 1765 ad
643 1690 743 1751 lustin.
765 1694 828 1758 Vll.
849 1689 879 1765 2,
903 1691 967 1751 11.’
1001 1693 1096 1754 Verba
1125 1704 1210 1778 utque

97 1823 101 1830 ,
147 1780 193 1836 sic
220 1775 345 1833 dixerim
367 1772 474 1853 explica
494 1794 547 1852 per
562 1783 655 1853 -atque
677 1783 708 1832 ut
726 1776 770 1830 sic
792 1773 935 1846 dixerim,
967 1774 1048 1835 cuius
1069 1775 1210 1838 sormula'e

96 1906 100 1913 .
146 1856 277 1937 exempla
300 1866 383 1914 sunt:
406 1855 479 1914 Dial.
499 1858 547 1914 to.
568 1854 666 1914 Germ:
689 1860 716 1914 2.
739 1854 841 1931 Quint
864 1856 902 1928 X,
919 1862 949 1930 2,
970 1863 1027 1932 15,
1047 1867 1080 1917 ut
1098 1862 1141 1917 itu
1162 1858 1209 1917 di-

108 1946 110 1951 ’
146 1943 244 2000 merim
265 1937 363 2034 Appio.
384 1943 411 1996 3.
433 1935 506 1996 Plin.
531 1937 602 2015 Epp.
625 1937 660 2008 ll,
679 1940 708 2010 5,
731 1941 776 2010 6.,
806 1939 902 1996 utita
922 1937 1025 1997 dicem«
1046 1940 1147 2013 Quint.
1170 1941 1208 2015 X,

150 2026 180 2097 1,
199 2027 242 2094 6.,
262 2042 313 2099 qus
333 2020 368 2078 cle
388 2018 525 2080 eius2usu
548 2018 620 2082 lmec⁴
637 2016 802 2078 observavit
817 2021 894 2094 Vlll,
910 2025 939 2092 3,
955 2025 1002 2081 37.
1042 2021 1123 2081 Etsi
1141 2023 1211 2104 quid
1260 2071 1264 2080 .

142 2105 331 2187 periculosius
340 2099 467 2179 finxisse
482 2098 650 2171 uidebimur,
669 2099 838 2181 quibusdam
860 2101 995 2161 remediis
1005 2108 1210 2183 praemunien-

133 2181 217 2244 dum
238 2195 298 2256 est,
327 2182 368 2241 Ut
389 2183 427 2241 itu
444 2181 553 2253 dicam,
580 2181 613 2242 Si
633 2180 701 2241 licet
724 2181 836 2258 dicere,
856 2183 991 2256 Quodam
1010 2185 1116 2261 modo,
1137 2187 1209 2246 Per-

144 2266 254 2328 mittite
274 2263 344 2323 mibi
364 2264 405 2324 sic
422 2264 475 2324 uti.
517 2263 604 2343 Quod
624 2264 701 2323 idem
729 2268 818 2322 etiam
844 2268 874 2324 in
892 2269 955 2340 irs,
984 2288 1057 2348 quoe
1073 2270 1209 2329 licentius
1274 2307 1278 2314 -

145 2349 296 2409 translata
317 2357 400 2421 suut,
425 2345 570 2428 proderit,
598 2365 672 2425 puae
692 2367 748 2404 nou
769 2355 830 2405 tuto
850 2346 908 2404 dici
927 2359 1053 2428 possunt.
1094 2349 1139 2408 Dc
1162 2349 1207 2408 lo-

145 2430 266 2491 cutione
279 2449 409 2511 puguare
423 2431 457 2486 iu
463 2429 576 2509 proelio
593 2426 629 2486 cl.
641 2426 715 2486 Diel.
734 2433 770 2486 10
779 2432 865 2487 esst.
887 2424 1040 2510 Spalding.
1052 2430 1087 2490 ud
1104 2430 1206 2505 Quint.

96 2518 97 2525 ’
144 2513 187 2590 ΙΙ,
207 2517 235 2586 Ι,
258 2517 325 2570 121.
345 2509 409 2570 εοΙΙ.
429 2512 466 2583 V,
488 2515 536 2584 13,
557 2508 605 2566 59.
662 2563 664 2567 .

229 2611 426 2694 constantiae]
455 2614 599 2672 Haec'est
616 2609 721 2679 fiducie
741 2608 787 2669 ills
809 2609 870 2671 sive
892 2612 1082 2684 confidentia,
1102 2613 1206 2694 partim

144 2697 290 2780 ingenita,
308 2696 412 2792 partim
434 2717 488 2754 usu
515 2692 706 2775 paulatimque
724 2693 865 2771 paranda,
897 2709 969 2773 quae
990 2699 1035 2754 est
1062 2695 1139 2755 inter
1158 2688 1224 2756 nr-¹

144 2781 185 2841 tis
207 2791 349 2849 oratoriae
368 2777 578 2851 iustrumenta,
600 2793 683 2855 quem
697 2774 835 2833 Germani
849 2774 992 2856 appellant
1006 2776 1205 2855 Dreistr'gieeit,
1240 2816 1243 2821 ,

142 2854 403 2923 settnuruanen.
432 2860 478 2918 vd.
501 2858 602 2934 Quint.
630 2875 761 2936 prooem.
787 2854 814 2937 §.
843 2861 891 2915 27.
919 2878 943 2918 c.
972 2869 1083 2918 annott.
1109 2858 1204 2940 Spald.

146 2942 214 3002 Vol.
235 2945 270 2999 V.
294 2941 394 3022 Suppl.
414 2964 442 3022 p.
463 2947 490 3019 3.
519 2940 561 2999 ed'.
584 2942 697 3019 Zumpt.
720 2938 771 3013 Xl,
794 2944 823 3013 3,
844 2941 909 2996 135.
932 2940 997 3014 ΧΙΙ,
1017 2946 1047 3018 5,
1069 2948 1096 3017 2,
1123 2942 1205 3023 Sarp.

144 3024 275 3087 Analect.
296 3045 325 3103 p.
348 3027 392 3082 12.
423 3024 503 3083 Suet.
522 3023 592 3081 Ner.
612 3025 639 3080 7.
666 3017 761 3079 Valet.
780 3019 854 3079 Max.
875 3021 924 3096 ΙΙΙ,
947 3022 974 3094 1,
993 3027 1021 3080 2.
1067 3021 1116 3081 Sic
1136 3043 1228 3084 cou-.

141 3111 267 3170 stantius
285 3115 357 3164 extr.
378 3105 405 3164 t.
426 3126 487 3185 cap.
633 3116 637 3129 ¹
968 3128 970 3135 ·

144 3229 146 3235 ·
226 3213 255 3268 in
276 3208 372 3268 medic
393 3209 456 3266 lucc
475 3201 669 3286 studentibus]
695 3201 923 3263 Luudicitura
946 3197 1006 3262 Cic.
1027 3199 1062 3263 de
1081 3203 1152 3266 lo'ris
1166 3210 1203 3283 ‘et

140 3290 314 3375 regionibus
336 3288 500 3350 celebritate
520 3285 696 3370 insignibus,
717 3297 751 3345 ut
771 3285 843 3365 Epp.
864 3284 899 3344 ad
921 3285 958 3359 Q.
979 3285 1070 3345 Frate.
1089 3288 1111 3360 Ι,
1130 3294 1157 3362 1,
1175 3293 1206 3348 7.

120 3363 176 3447 'in
197 3376 260 3433 luce
287 3373 395 3443 Asiam
425 3383 487 3430 tum
517 3370 552 3431 de
579 3370 638 3429 rita
661 3366 777 3451 publica
804 3379 833 3426 et
857 3366 892 3425 de
912 3363 1027 3446 publico
1055 3368 1204 3429 hominum

141 3454 301 3518 'convictut
325 3453 385 3514 Cat.
406 3454 446 3512 M.
467 3455 512 3514 14¹.
534 3457 563 3511 in
583 3452 646 3531 luce
666 3461 754 3532 utque
775 3449 865 3508 oculis
885 3451 995 3507 civium.
1018 3449 1119 3523 Quint.
1135 3454 1158 3527 Ι,
1172 3458 1203 3527 2,

145 3543 194 3609 18.
215 3541 244 3596 in
266 3536 362 3595 media
383 3539 427 3593 rei
446 3535 578 3615 publicae
599 3536 666 3593 luce.
705 3532 754 3592 Sic
774 3530 802 3589 b.
822 3529 841 3589 Ι.
862 3531 932 3604 iux,
962 3528 989 3588 b.
1012 3551 1036 3590 e.
1056 3530 1151 3591 iorum
1174 3543 1205 3593 et

142 3617 266 3693 iudicia,
287 3617 338 3676 ubi
358 3637 425 3677 uera
444 3616 552 3698 proelia
574 3626 660 3689 sunt,
689 3612 848 3694 opponitur
864 3609 1030 3671 umbraticis
1052 3613 1208 3673 rhetorum
1267 3609 1271 3615 ’

142 3698 399 3762 exercitationibus
430 3711 460 3757 et
486 3697 588 3758 studiis
617 3696 744 3756 secretis.
779 3690 843 3769 Xll,
863 3699 894 3769 2,
918 3699 945 3752 8.
964 3692 1022 3773 ι(ἰη
1056 3697 1119 3754 tan
1139 3695 1206 3774 fori

141 3780 225 3864 luce)
246 3788 274 3856 6,
293 3783 321 3842 4.
363 3780 404 3839 Et
429 3780 555 3840 Hercule
581 3777 788 3861 quantumlibet
811 3785 923 3836 secretu
948 3774 1047 3834 studia
1076 3775 1203 3836 contule-

142 3868 221 3941 rint,
242 3873 285 3922 est
305 3873 401 3921 tumen
420 3865 555 3942 proprius
574 3861 690 3945 quidam
702 3857 768 3938 sori
784 3855 944 3939 profectus,
964 3858 1027 3915 alic
1046 3859 1114 3934 luc,
1141 3860 1204 3919 aliu

118 3949 207 4006 ‚ocri
225 3945 413 4004 discriminis.
416 3942 522 4022 socies.
550 3947 574 4020 l,
595 3950 624 4017 2,
649 3947 693 4001 18.
732 3939 809 4000 Ante
837 3941 933 3998 omnia
952 3935 1072 4017 futurus
1093 3952 1204 4016 orator,

141 4032 195 4088 cui
213 4031 242 4086 iu
263 4031 395 4087 maxima
414 4026 579 4084 celebritate
600 4035 628 4084 et
647 4028 676 4082 in
699 4021 795 4081 medic
815 4020 1006 4101 reipublicae
1027 4023 1090 4080 luce
1111 4027 1203 4082 uiuen-

100 4174 103 4178 ,
140 4110 214 4170 dum
235 4120 294 4186 est,
316 4118 462 4168 assuescet
482 4111 541 4167 ium
563 4126 585 4166 σ
599 4117 696 4166 terem
716 4125 772 4164 noo
794 4100 985 4181 reformidare
1008 4105 1135 4166 domines
1153 4124 1203 4165 ue-

128 4212 199 4274 ι(μισ
215 4193 268 4253 itta
286 4193 423 4253 solitoric
439 4200 470 4251 et
487 4189 638 4273 umbrutds'
657 4190 718 4248 ritu
736 4184 904 4268 pallescere.
958 4214 962 4225 ·

613 4300 616 4305 ·
659 4282 662 4288 ’
891 4309 893 4313 ·
928 4275 1004 4341 lbi
