2634 4656
119 309 140 372 4
450 307 610 391 Dialogus
629 309 668 370 do
690 305 875 372 Oratoribus

119 464 300 551 mandum,
334 459 362 535 si
389 460 480 534 idem
513 462 647 560 assequi
670 490 740 535 non
765 485 966 560 possumus,
995 475 1052 533 aut
1079 456 1123 530 de
1148 457 1201 531 iu·

121 563 241 652 ditiis,
265 565 294 635 si
317 560 493 649 nolumus,
518 560 571 633 vix
596 561 737 633 Hercule
759 559 936 647 auderem,
966 559 996 632 si
1019 556 1103 631 milti
1128 582 1200 639 mea
1241 598 1243 629 t

121 663 283 737 sententia
306 659 508 761 proferenda
535 686 573 730 ac
593 687 663 732 non
685 659 991 746 disertissimorum,
1017 674 1055 729 ut
1076 655 1200 728 uostris

46 758 50 765 ’
121 760 341 863 temporibus,
359 758 532 830 hominum
549 785 657 830 sermo
674 757 875 858 repetendus
896 773 992 847 esset,
1018 782 1105 855 quos
1123 781 1213 843 ean-¹

123 935 170 991 10.
179 939 240 1003 ἀί,
274 932 302 987 si
320 931 463 987 sustinere
483 936 600 986 tautam
627 929 826 1009 quaestionem
853 947 911 984 non
928 936 1073 1007 potuero,
1102 924 1202 983 iniusti

120 1015 219 1072 onems
235 1013 366 1090 impositi
384 1019 438 1067 tua
459 1011 546 1088 culpo
567 1013 614 1067 sit.
1229 1008 1232 1013 '

206 1107 242 1164 de
262 1110 386 1181 ingeniis
405 1104 530 1186 nostris]
550 1106 696 1165 Boettich.
716 1106 784 1164 Lex.
801 1105 870 1163 Tac.
889 1125 918 1183 p.
932 1109 993 1162 270
1015 1124 1058 1181 sq.
1080 1100 1200 1183 copiose

122 1187 244 1267 exponit
264 1189 299 1246 de
321 1187 379 1246 hoc
399 1208 462 1246 voc.
486 1187 589 1246 Tacito
609 1186 819 1261 usitatissimo,
843 1197 874 1244 ct
893 1206 922 1263 p.
946 1190 992 1243 10.
1012 1184 1049 1243 dc
1071 1183 1201 1243 eiusdem

122 1289 206 1328 more
233 1269 376 1328 substant.
402 1268 545 1326 abstracta
573 1289 628 1347 pro
657 1270 802 1326 concretis
832 1266 961 1346 ponendi
997 1265 1054 1344 (sic
1080 1272 1199 1339 extrem.
1240 1330 1243 1341 Δ

123 1349 183 1409 ltoc
209 1370 269 1430 cap.
291 1348 449 1428 uetustas),
480 1348 527 1407 cui
549 1350 617 1419 add:
632 1347 728 1407 Pabst.
752 1345 968 1429 Eulogo-'lacit
990 1368 1017 1425 p.
1042 1348 1113 1405 304.
1151 1346 1200 1405 Iu·

100 1434 211 1505 'genio
227 1443 298 1490 sunt
318 1431 452 1513 homines
473 1429 591 1512 ingenio
612 1416 937 1510 praediti-insigiles,
966 1427 995 1485 h.
1017 1427 1035 1486 Ι.
1057 1437 1199 1505 oratores.

149 1590 153 1598 ¹
205 1529 451 1600 existimandum,
474 1524 517 1608 st]
552 1526 629 1607 Lips.
655 1547 670 1586 e
699 1526 867 1586 coniectura
889 1523 1020 1606 probata.
1038 1523 1200 1585 editoribus

122 1609 340 1691 posterioribus
369 1620 485 1688 practer
504 1608 591 1666 Bach.
620 1619 649 1666 et
671 1608 744 1667 ttiu.
768 1612 807 1667 sit
831 1606 1025 1686 interposuit,
1054 1624 1112 1685 pro
1142 1618 1200 1687 qno

124 1690 235 1751 Osann.
256 1702 286 1750 et
306 1689 452 1749 Boettich.
473 1689 598 1747 balteum
621 1710 657 1747 ex
676 1689 730 1747 Et.
744 1691 830 1748 Rom.
852 1689 928 1769 (uon
950 1686 1023 1746 Cod.
1045 1687 1133 1746 llum.
1153 1686 1200 1745 v'd.

125 1771 218 1831 Orell.
239 1771 357 1852 praefat.
379 1794 407 1851 p.
424 1769 585 1847 XXVlll.),
607 1770 642 1829 de
658 1792 713 1851 qua
735 1768 860 1829 formula
879 1768 1020 1847 loquendi
1038 1767 1073 1826 cs.
1090 1786 1147 1826 nos
1166 1766 1201 1831 id

124 1872 169 1933 cp.
190 1857 239 1912 31.
276 1852 385 1913 Baebio
407 1863 437 1912 et
455 1851 574 1911 Rittero
596 1850 665 1911 haec
693 1850 814 1932 ellipsis·
831 1870 891 1910 non
913 1852 985 1908 dura
1004 1869 1059 1908 nec
1080 1870 1096 1908 a
1116 1846 1199 1907 Taci-

122 1933 318 2014 tino·genere
339 1931 485 1992 scribendi
505 1931 664 1993 abhorrere
683 1933 812 2007 videtur,
834 1948 922 2010 quum
939 1930 1001 1990 aliis
1016 1929 1092 1990 locis
1108 1936 1200 1989 esseut

124 2014 258 2074 omiserit
288 2012 370 2073 velut
395 2014 473 2072 Anu.
494 2015 517 2087 l,
539 2020 566 2072 7.
590 2021 637 2073 65.
667 2016 718 2086 Vl,
739 2018 787 2072 35.
818 2015 897 2084 XVl,
919 2019 968 2071 26.
999 2011 1125 2086 Hist.1‚
1153 2014 1199 2072 85.

123 2096 223 2155 Boett.
243 2095 313 2154 Lex.
334 2096 402 2154 Tac.
422 2093 558 2177 Prolegg.
579 2116 608 2173 p.
628 2095 789 2152 LXXXIV.
812 2095 847 2169 de
871 2093 962 2174 ellips.
983 2092 1064 2152 uerlt.
1088 2112 1160 2151 esse.

214 2176 344 2235 Hercule
404 2175 497 2233 Hand.
523 2175 650 2233 Turseli.
678 2175 745 2233 Vol.
773 2177 820 2233 lll.
850 2197 879 2255 p.
909 2178 1055 2234 55-61.
1083 2173 1121 2233 de
1149 2172 1201 2235 lttt'

123 2255 239 2317 iurandi
252 2257 348 2315 formu
362 2277 378 2315 a
391 2255 501 2315 Latinis
522 2255 757 2335 frequentissima
772 2255 940 2315 doctissime
956 2253 1104 2336 exposuit,
1121 2252 1201 2315 'unde

124 2336 196 2398 ltaec
216 2348 330 2397 tantum
356 2336 567 2396 transscribere
587 2337 703 2417 placuit.
742 2338 906 2397 »Dixerunt
923 2358 996 2401 uero
1016 2335 1115 2396 Latini
1133 2337 1200 2397 dett·

125 2421 206 2492 culo,
233 2420 348 2493 hercle,
369 2420 516 2491 hercules,
539 2420 697 2492 mehercle,
722 2421 927 2477 mehercules«
941 2451 984 2462 -
1023 2416 1202 2477 »llerol'o'et

124 2499 315 2560 aCiceronis
345 2498 413 2560 inde
438 2510 572 2580 tempore
600 2501 765 2559 mehercule
794 2499 967 2578 cuicumque
996 2499 1127 2557 orationi
1152 2508 1201 2559 aut

123 2582 295 2664 praefigitur
308 2594 358 2640 aut
376 2580 533 2656 inseritur,
555 2603 628 2660 quae
644 2603 710 2641 cum
726 2581 838 2657 maiore
855 2579 1121 2639 asseverationem
1136 2592 1201 2641 con

123 2663 256 2723 veritatis
276 2661 486 2733 affirmatione,
514 2661 563 2719 vel
583 2683 648 2721 cum
670 2661 865 2721 obtestatione
885 2660 1023 2720 eliertur:
1054 2680 1130 2740 quae
1144 2672 1201 2721 tam
1225 2718 1229 2725 .

123 2743 197 2804 varii
218 2758 288 2802 sunt
307 2741 443 2824 generis,
463 2751 499 2800 ut
518 2741 632 2822 singula
653 2764 714 2801 non
735 2743 851 2823 possint
871 2741 968 2800 omnia
989 2742 1131 2821 exemplis
1151 2742 1201 2805 de·

124 2823 252 2883 elocari«
266 2856 304 2868 --
331 2818 382 2880 »lu
399 2820 540 2901 prosaicis
561 2823 643 2882 libris
665 2823 811 2883 difficilius
833 2844 949 2903 semper
969 2823 1026 2881 erit
1045 2825 1201 2899 alfinna're,
1234 2876 1237 2882 .

123 2916 224 2965 utrum
246 2904 360 2976 hercle,
382 2923 418 2961 an
432 2903 556 2962 -lmrcule
576 2905 611 2963 ab
631 2917 750 2964 auctore
771 2906 935 2984 proiectum
959 2904 1013 2963 sit:
1036 2926 1104 2963 uam
1125 2904 1201 2967 vart-

124 2997 175 3045 ant
199 2984 371 3066 plerumque
392 2984 533 3054 codices«
582 2985 631 3045 Sic
656 2986 688 3044 in
714 2985 840 3066 Dialogo
862 3006 997 3064 quoque,
1029 2985 1083 3044 ubi
1106 2984 1199 3047 decies
1232 2990 1235 2995 '

123 3066 151 3125 le
172 3067 247 3126 itur:
274 3087 338 3147 epp.
359 3071 387 3123 5.
408 3072 437 3123 6.
460 3068 506 3125 14.
533 3070 579 3128 19.
598 3070 647 3126 21.
668 3073 707 3125 26
728 3062 814 3148 (tis).
836 3072 883 3128 30.
906 3072 954 3126 34.
977 3071 1025 3124 39.
1056 3067 1150 3127 Kritz.
1167 3066 1200 3127 ad

124 3090 192 3208 Stil.
213 3150 273 3230 lug.
295 3151 363 3205 110.
384 3146 482 3205 hercle
501 3147 625 3213 formam
645 3169 660 3206 a
682 3148 800 3207 comicis
821 3159 989 3226 usurpatam
1011 3147 1089 3207 dicit.
1192 3182 1196 3189 ,

122 3309 133 3369 1
206 3250 244 3289 ac
264 3225 339 3310 nou]
375 3230 397 3287 l.
417 3248 442 3288 e.
463 3248 496 3288 ac
515 3249 578 3289 nou
605 3228 704 3311 potius
733 3229 827 3289 Haud
847 3231 934 3288 Turs.
960 3228 1026 3287 vot.
1046 3231 1070 3304 l,
1100 3228 1155 3291 ubi
1172 3228 1199 3289 lt.

135 3310 270 3370 ‚citavit
1058 3362 1063 3369 ,
1198 3360 1200 3365 ,

205 3402 238 3450 ut
251 3395 359 3449 nostris
376 3393 570 3472 temporibus,
592 3392 757 3474 domiuum]
786 3404 817 3452 ut
842 3393 941 3452 omiss.
966 3391 997 3451 in
1018 3389 1114 3452 Codd.
1137 3394 1199 3454 Par.

58 3503 65 3515 =
123 3471 211 3531 vind.
229 3484 299 3531 vett.
316 3473 389 3530 Edd
403 3473 516 3532 Dronk.
532 3473 642 3534 Osann.
659 3496 675 3534 e
694 3474 862 3535 Codliaru.
879 3475 990 3554 recepit
1002 3467 1095 3552 Lips.,
1114 3494 1200 3554 quern

122 3565 245 3614 recentt.
260 3566 330 3611 sunt
342 3554 445 3612 secuti.
468 3557 560 3614 Recte
572 3556 720 3615 Xuehner.
730 3557 764 3615 ad
774 3554 834 3615 Cic.
843 3558 932 3615 Tusc.
943 3559 965 3630 l,
975 3563 1004 3628 8,
1016 3560 1063 3614 15.
1080 3556 1199 3615 statuit:

122 3637 172 3697 nln
187 3635 331 3693 eiusmodi
347 3636 506 3694 enunciatis
529 3637 663 3715 ellipticis
684 3637 824 3718 particula
842 3647 872 3695 ut
888 3636 952 3718 (oie)
979 3634 1126 3716 duplicem
1142 3636 1199 3699 vim

122 3715 225 3786 habet,
253 3727 303 3773 aut
323 3718 511 3797 exaequandi
532 3729 582 3776 aut
601 3719 803 3792 restringendi.
844 3717 940 3778 Cardo
956 3719 1000 3778 rei
1020 3719 1151 3778 vertitur
1169 3718 1200 3777 ia

121 3796 285 3876 praedicato
302 3819 401 3856 rerum
424 3811 661 3876 comparatorum.
702 3800 819 3858 Etenim
836 3800 898 3859 eius
914 3799 957 3858 rei
973 3821 1098 3878 quacum
1111 3799 1200 3859 altera

122 3891 305 3958 comparatur
325 3878 517 3957 praedicatum
547 3881 724 3960 cogitatione
752 3881 895 3960 ponitur,
920 3892 967 3955 et,
997 3892 1144 3960 quatenus
1170 3880 1199 3941 id

120 3970 170 4018 aut
196 3959 368 4018 affirmative
396 3972 446 4017 aut
472 3962 606 4040 negative
635 3962 773 4041 ponitur,
807 3973 838 4020 ut
866 3974 915 4021 aut
944 3962 1123 4041 exaequandi
1151 3972 1199 4023 ant

120 4039 318 4122 restringendi
339 4040 367 4097 vi
387 4039 562 4114 instruitur,
586 4054 615 4100 et
635 4055 685 4100 aut
701 4064 754 4122 per
770 4056 903 4103 nostrum
921 4046 967 4100 uls
983 4056 1033 4107 aut
1047 4056 1102 4123 per'
1115 4064 1199 4124 prae·

119 4120 297 4200 positionem
311 4118 367 4198 fiir
387 4121 587 4200 explicandum
610 4135 680 4182 est«
722 4126 772 4184 Sic
792 4125 821 4182 h.
843 4124 860 4182 l.
883 4124 943 4185 vim
964 4124 1052 4183 habet
1072 4125 1197 4186 restrin-

119 4201 224 4284 gendi;
254 4223 320 4296 uam
340 4201 519 4284 cogitatione
537 4205 676 4299 ponitur,
704 4217 879 4268 uostmrum
905 4217 1075 4286 temporum
1102 4205 1197 4269 toni-
