2634 4656
524 251 683 336 Dialogus
702 253 741 315 de
767 249 951 313 Oratoribus

566 425 698 498 (terp.
737 426 882 485 xxm.
945 382 987 453 st
1048 405 1052 413 ¹

281 548 371 645 ,Nolo
397 547 537 622 irridere
563 567 685 622 »rotam
712 543 883 620 fortunae«
915 564 946 621 et
972 547 1043 620 »ius
1066 547 1268 622 verrinum«

73 705 76 711 -
187 666 219 724 et
237 648 321 723 itud
341 650 437 723 tertio
456 676 591 750 quoque
617 674 718 719 sensu
747 646 782 732 in
806 647 963 722 omnibus
981 647 1180 721 oratonibus
1206 675 1269 748 pro

186 750 352 823 sententia
377 749 523 852 positum
549 774 642 822 »esse
664 744 844 847 videatur«
894 749 979 822 Num
1007 765 1044 821 et
1076 747 1160 821 haec
1185 747 1269 821 invi-
1307 802 1310 816 .

253 922 325 1006 Cap.
347 925 452 984 xxttt.
491 923 570 986 Nolo
598 919 724 984 irridere
752 933 849 984 rotam
869 919 1031 1005 fortunae]
1062 921 1134 984 Cic.
1165 922 1219 984 Or.
1239 922 1268 983 iu

185 1004 286 1067 Pi'son.
312 1012 357 1067 to.
387 1009 417 1071 in
437 1027 495 1087 quo
523 1026 559 1064 ne
579 1015 641 1067 tum
663 1005 799 1088 quidem,
827 1006 1016 1088 quum'itlum
1038 1026 1124 1065 suum
1142 1007 1269 1080 saltato-

95 1152 97 1161 ,
185 1091 264 1148 rium
300 1099 431 1148 certaret
459 1088 580 1162 orbem,
608 1085 750 1166 fortunae
779 1097 875 1148 rotam
907 1087 1141 1167 pertimescebat.
1190 1088 1270 1148 ttaee

184 1169 356 1250 metaphora
384 1189 449 1241 nou
470 1167 577 1229 vitiosa
602 1181 656 1228 est.
692 1167 800 1227 Tibuil.
823 1169 846 1241 1,
867 1171 905 1242 5,ι
922 1173 970 1226 70.
1014 1169 1157 1228 Versatur
1179 1171 1269 1228 celeri

41 1318 45 1325 ,
130 1282 134 1289 ·
183 1250 260 1328 'Fors
280 1252 350 1310 Ieois
362 1251 431 1311 orbe
451 1260 535 1310 rotae
554 1271 578 1310 c.
598 1260 711 1310 aunott.
728 1247 876 1309 Brouckh.
897 1259 928 1308 et
942 1247 1072 1324 Dissen,
1092 1249 1144 1329 qui
1164 1248 1269 1311 ohser-

185 1334 253 1408 ιιι,
284 1332 415 1392 Graecos
441 1332 554 1412 scriptt.
582 1330 658 1391 circa
688 1329 884 1390 Alexandrina
907 1341 1040 1411 tempora
1068 1342 1097 1391 et
1118 1333 1269 1392 Romanos

190 1416 294 1486 Τύχην,
315 1421 456 1490 Νέμεσιν,
472 1415 631 1472 Fortunam
652 1412 749 1493 giobo·
763 1423 813 1472 aut
834 1423 917 1470 rotae
936 1411 1121 1472 insistentem
1142 1411 1268 1472 exhibu-

185 1495 253 1556 isse.
295 1493 340 1556 Cf.
365 1497 471 1555 Pacuv.
503 1515 548 1574 ap.
576 1482 699 1554 Auctor.
727 1493 763 1553 ad
791 1494 922 1552 Hereuu.
943 1495 980 1570 ll,
999 1500 1050 1554 23.
1085 1491 1190 1554 Cebet.
1210 1483 1268 1554 tib.

186 1597 233 1658 ep.
255 1582 283 1636 7.
312 1575 415 1636 Galen.
433 1587 577 1657 protrept.
598 1597 642 1655 cp.
662 1582 690 1636 2.
974 1602 987 1621 ο

266 1677 312 1732 ius
342 1669 516 1811 Verrinam]¹
556 1669 618 1732 Cic.
639 1671 706 1741 Act.
727 1675 813 1731 Verr.
834 1673 872 1746 11,
896 1676 924 1746 1,
951 1670 1148 1750 iti-[Aecus.
1173 1673 1196 1746 t,
1221 1674 1269 1733 46.

186 1756 315 1835 Zumpt]
336 1756 414 1814 Hinc
432 1757 477 1814 itti
517 1757 626 1812 omines
648 1762 750 1825 erant,
773 1756 824 1836 qui
838 1756 927 1824 aiam
948 1753 1065 1813 ridiculi
1085 1751 1270 1813 inuenieban-

186 1846 236 1896 tur
256 1857 294 1894 en
315 1835 424 1896 dolore.
463 1835 594 1915 Quorum
612 1835 684 1911 alii,
704 1834 737 1892 id
753 1833 832 1917 quod
852 1855 941 1915 saepe
960 1834 1101 1908 credistis,
1122 1832 1271 1909 negabant

186 1918 354 1978 mirandum
370 1937 443 1990 esse,
465 1919 587 1976 iustam
608 1936 732 1996 nequam
754 1935 815 1974 esse
836 1918 1004 1983 Verrinum;
1025 1918 1081 1975 abii
1100 1920 1193 1976 etiam
1206 1914 1269 1996 sri-

65 2036 68 2041 ·
184 1999 315 2073 gidiores
337 2008 441 2071 erant,
469 1996 537 2069 sed,
568 2001 637 2078 quia
656 1997 933 2071 stomachabantur,
962 1997 1080 2057 ridiculi
1098 1999 1271 2058 ridebantur

186 2100 268 2152 esse,
291 2102 378 2160 quum
393 2078 586 2137 Sacerdotem
601 2078 853 2153 exsecrabantur,
869 2081 919 2162 qui
937 2099 1048 2138 oerrem
1061 2089 1126 2138 tam
1143 2099 1268 2161 nequam

186 2162 358 2242 reliquisset.
410 2159 496 2239 Quae
524 2180 577 2233 ego
606 2179 662 2216 non
691 2180 949 2219 commemorarem
980 2160 1085 2243 (neque
1105 2164 1183 2248 enim
1201 2182 1270 2240 per-

177 2238 280 2320 facete
310 2241 393 2300 dicta
420 2259 509 2323 neque
524 2259 624 2321 ,porro
647 2239 705 2307 hac
726 2241 882 2301 seueritate
902 2243 992 2316 digna
1012 2240 1115 2320 sunt),
1144 2246 1270 2307 nistros

185 2322 262 2399 illud
281 2325 380 2381 oeliem
411 2321 589 2399 recordari,
607 2323 691 2379 istius
717 2325 875 2403 nequitiam
904 2333 933 2382 et
952 2326 1135 2405 iniquitatem
1157 2326 1270 2383 tamin

187 2425 239 2464 ore
260 2406 338 2478 uulgi
358 2416 445 2486 atque
473 2403 723 2461 incommunibus
740 2405 902 2483 proverbiis
921 2425 983 2463 esse
1009 2414 1168 2463 versatam.
1209 2405 1269 2465 Has

186 2505 279 2566 nugas
297 2484 434 2546 Ciceroni
455 2482 511 2564 ipsi
527 2482 668 2566 assignari
687 2504 748 2543 nou
766 2505 874 2564 posse,
895 2486 944 2564 qui
959 2498 1005 2544 eas
1020 2484 1185 2545 testimonii
1199 2484 1269 2545 loco

186 2567 307 2648 posuit,
338 2568 407 2626 satis
437 2577 555 2646 apparet
576 2586 611 2624 ex
632 2564 661 2622 h.
682 2565 700 2624 Ι.
727 2577 794 2625 ete
817 2565 922 2640 Quint.
943 2569 995 2645 vt,
1016 2573 1046 2638 3,
1068 2569 1096 2627 4.
1117 2571 1167 2627 55.
1193 2566 1272 2626 Esk-

186 2649 273 2708 stei‘u.
298 2661 416 2707 secutus
438 2651 553 2726 Zumpt.
573 2646 608 2705 ad
629 2645 648 2704 Ι.
671 2643 689 2705 Ι.
714 2650 859 2706 verrinum
880 2668 935 2727 pro
959 2650 1131 2722 Verrinam,
1161 2659 1197 2706 ut
1217 2668 1270 2707 er-

185 2727 290 2788 hibent
308 2741 374 2789 eett.
390 2728 475 2801 Edu,
497 2727 626 2808 scripsit,
646 2736 682 2792 ut
701 2727 872 2809 ambiguitas
895 2728 985 2809 magis
1007 2729 1163 2804 sentiatur,
1183 2749 1271 2810 prae·

164 2809 289 2870 ¹sertim
313 2831 408 2889 quum
427 2806 533 2868 Cicero
561 2807 592 2867 in
615 2806 715 2866 Verris
745 2809 864 2868 nomine
893 2809 1007 2890 saepius
1026 2809 1154 2886 luserit,
1183 2820 1219 2870 ut
1239 2809 1270 2871 itt

186 2910 261 2972 apro
280 2882 577 2974 Erymanthio‘verr.
600 2889 637 2964 li,
662 2893 690 2963 t,
712 2892 760 2949 43.
866 2952 872 2961 ,
918 2903 919 2906 ’

266 2992 354 3050 tertio
374 3007 485 3073 quoque
510 3007 596 3045 sensu
618 2988 648 3043 in'
674 2978 805 3047 omnibus
825 2989 1006 3049 orationibus
1025 3022 1063 3038 -
1084 3008 1148 3048 esse
1170 2988 1272 3049 ridea-

186 3066 252 3152 tur]
281 3070 389 3128 Sensus
408 3067 436 3127 b.
456 3066 475 3126 1.
496 3065 513 3126 i.
538 3089 565 3146 q.
586 3067 745 3126 verborum
769 3080 848 3129 certa
867 3069 1092 3151 comprehensio
1112 3104 1154 3115 -
1174 3090 1271 3130 enun-

186 3150 292 3211 tiatum
313 3148 429 3231 (Sata):
453 3147 557 3222 Quint.
577 3148 630 3222 lX,
651 3151 682 3222 4,
704 3153 752 3209 61.
777 3153 828 3225 tt,
853 3155 880 3225 1,
904 3157 953 3210 62.
993 3152 1039 3210 De
1060 3149 1187 3211 formula
1208 3170 1272 3211 esse

186 3233 321 3292 rideatur
335 3253 350 3289 a
367 3229 511 3290 Cicerone
533 3228 716 3308 frequentata
732 3231 828 3313 magis*
838 3243 942 3297 tamen.
959 3230 989 3290 in
1013 3244 1100 3291 oratt.
1115 3232 1269 3328 prioribus

186 3311 236 3394 (ut
251 3313 286 3371 de
301 3312 402 3392 imper.
422 3312 524 3389 Pomp.
539 3331 584 3392 cp.
599 3313 627 3371 4.
649 3315 677 3369 9.
695 3315 740 3372 10.
760 3312 860 3374 tetis.
871 3318 914 3372 16.
925 3311 988 3391 23.)
1012 3335 1098 3393 quum
1117 3335 1149 3374 ιιι
1165 3325 1270 3395 poste-

184 3392 315 3453 rioribus
336 3392 372 3453 ct'.
393 3393 414 3451 S
437 3391 542 3473 albing.
565 3391 601 3450 ad
618 3391 723 3465 Quint.
738 3394 789 3469 ΙΧ,
804 3396 834 3467 4,
850 3400 897 3453 73.
930 3394 1049 3454 Herbst.
1064 3395 1100 3454 ad
1117 3396 1154 3468 X,
1172 3402 1204 3468 2,
1223 3399 1269 3457 18.

185 3473 304 3536 Ramsh.
337 3473 391 3532 Gr.
412 3414 439 3557 ξ.
460 3479 528 3532 202.
550 3474 598 3531 ΙΙΙ.
620 3475 648 3532 4.
668 3492 694 3532 a.
724 3477 839 3555 Zumpt.
859 3473 887 3556 ᾗ.
910 3481 977 3534 751.
1025 3473 1167 3537 Ceterum
1188 3475 1270 3559 Aper

184 3554 359 3638 perstringit
386 3552 573 3636 potissimum
601 3550 796 3632 Ciceronem,
822 3555 1027 3632 Quintilianus
1048 3577 1122 3618 vero
1150 3557 1268 3640 ineptos

186 3637 250 3699 eius
272 3636 443 3696 imitatores.
709 3636 710 3641 ¹

122 3725 123 3729 Ἰ
274 3734 354 3796 Nam
385 3744 414 3793 et
440 3733 515 3791 baec
543 3733 683 3791 inritatus
708 3730 826 3815 rettuli]
871 3730 1049 3794 Coniectura
1076 3732 1161 3794 Aeid.
1193 3733 1269 3794 haec

210 3835 244 3874 ro
272 3817 329 3875 boa
353 3815 419 3874 teet.
449 3812 541 3873 Cndd.
564 3812 629 3870 Par.
653 3812 739 3871 Vind.
768 3825 799 3874 et
820 3813 1026 3894 plerarumque
1056 3815 1160 3891 Edu,
1182 3836 1268 3896 quant

218 3915 293 3955 eum.
323 3908 352 3956 et
372 3893 489 3955 Schola.
511 3905 704 3972 receperunt,
732 3895 923 3954 confirmatur
950 3894 1024 3956 Coc.
1051 3898 1139 3956 Farn.
1168 3909 1199 3957 et
1220 3917 1268 3957 re·

185 3987 269 4056 cepta
289 3989 371 4036 esta
398 3974 509 4034 Walth.
531 3971 618 4032 Bach.
641 3974 713 4034 Ritt.
736 3966 814 4036 hec't.
842 3979 982 4037 inuitatus
1011 3978 1153 4038 exhibent
1173 3976 1267 4038 codd.

186 4068 217 4118 et
239 4057 293 4116 Ed.
312 4057 409 4138 Spin,
431 4065 595 4128 revocatam
611 4075 627 4115 a
643 4056 769 4116 Seebod.
785 4057 837 4116 Ed.
854 4060 875 4116 Ι.
892 4059 1002 4120 Osann.
1019 4059 1133 4119 Dronk.
1150 4059 1268 4119 Waltb.

186 4138 295 4214 Beth,
323 4160 410 4221 quam
436 4129 596 4219 praeeunte
622 4137 702 4220 Lips.
726 4137 758 4197 iu
778 4151 890 4198 auuott.
916 4141 1064 4203 Ecksteio.
1093 4140 1162 4201 ideo
1189 4152 1268 4203 recte
