2634 4656
41 212 44 217 ⁴
109 268 175 333 228
280 273 284 278 “
349 272 355 283 “
429 264 585 347 Dialogus
607 266 649 327 de.
670 263 853 327 Oratoribus
916 244 919 249 ⁵

113 419 268 507 crimina,
292 419 352 491 ubi
379 446 476 491 nemo
501 420 637 534 impune
662 418 758 490 stulte
784 415 909 517 aliquid
936 431 992 488 ant
1016 415 1178 487 contrarie
1220 490 1222 495 ,

66 557 68 560 ⁴
113 521 210 606 dicit,
253 548 319 619 quo
351 520 459 591 minus
484 536 517 590 et
545 517 644 590 index
670 537 803 616 respuat
833 536 865 591 et
890 513 1102 589 adversarius
1126 540 1178 586 ex·
1220 522 1222 575 ἶ

113 613 267 721 probret,
296 619 359 719 ipsi
382 618 525 717 denique
542 617 689 690 advocati
710 635 934 716 aspernentur.
969 616 1091 710 ‘lgitur
1106 639 1192 711 verat

115 721 221 793 statim
248 736 279 791 et
303 720 493 818 incorrupta
521 716 703 815 eloquentia
733 715 984 803 intlruebantur3
1016 730 1048 784 et
1076 739 1178 811 quau-

116 846 213 934 quam
242 845 341 889 unum
369 834 603 915 sequerentur,
641 830 748 889 tamen
776 843 889 887 omnes
916 812 1067 887 eiusdem
1095 827 1177 883 aeta-

115 935 156 990 t1s
183 935 340 1016 patronos
365 916 398 988 in
424 915 574 1016 plurimis
599 934 627 988 et
655 916 761 988 carresis
789 933 819 987 et
844 913 975 986 indiciis
999 936 1177 1008 cognosce·

115 1016 214 1104 hant,
248 1015 481 1114 habebantque
512 1016 617 1115 ipsius
649 1015 762 1129 populi
797 1013 1097 1085 diversissimarum
1124 1037 1177 1081 au·

115 1117 201 1188 rium
234 1116 380 1214 copiam,
415 1143 452 1187 ex
484 1144 547 1214 qua
573 1115 667 1188 facile
695 1113 997 1212 deprehenderent,
1031 1108 1119 1208 qnid
1146 1107 1179 1179 iu

117 1213 326 1315 quoquam}
359 1214 557 1315 probaretur
585 1215 634 1286 vel
663 1213 858 1313 displiceret.
918 1214 965 1284 lta
995 1214 1057 1281 nec
1087 1234 1205 1307 prae·

117 1326 230 1412 ceptor
255 1313 382 1397 deerat,
409 1313 550 1414 optimus
577 1314 708 1414 quidem
736 1329 766 1383 et
788 1312 1024 1397 electissimus,
1050 1309 1107 1407 qui
1134 1307 1180 1379 sa·

119 1413 200 1485 ciem
226 1412 448 1510 eloquentiae,
475 1441 541 1483 non
563 1414 738 1509 imaginem
756 1428 960 1512 ‘praestarem
985 1436 1046 1481 nec
1066 1406 1178 1481 adver·

119 1512 198 1584 sarii
227 1530 258 1584 et
280 1511 397 1584 aemuli
417 1512 524 1601 ferro,
549 1541 615 1584 non
637 1512 778 1584 rudibus
803 1513 1014 1600 dimicantes:
1040 1507 1103 1581 sed
1124 1535 1179 1579 au·

38 1740 41 1744 ,
148 1742 150 1748 ,
199 1684 343 1741 contrarie
360 1714 395 1725 -
413 1691 441 1740 et
460 1682 548 1747 iudea·
569 1679 702 1762 respuat]
732 1682 776 1740 De
796 1703 824 1739 v.
844 1682 988 1741 contrarie
1012 1679 1060 1739 vd.
1084 1689 1178 1746 annot.

118 1761 154 1821 ad
174 1762 247 1823 Dial.
268 1769 315 1822 35.
355 1764 400 1822 De
420 1785 453 1822 re
475 1763 577 1838 Quint.
597 1766 648 1838 Vl,
670 1767 764 1837 t,19.
803 1762 856 1822 Est
877 1766 1019 1843 imprimis
1039 1758 1123 1823 acuti
1140 1763 1178 1825 ei-

120 1843 203 1917 dere,
232 1867 285 1925 quo
306 1845 394 1905 iudea
418 1846 495 1904 dieta
510 1856 680 1914 moueatur,
705 1845 777 1926 ¹guid
795 1855 927 1924 respuat:
956 1844 1034 1926 quod
1056 1853 1086 1918 et
1106 1843 1179 1903 auita
1210 1852 1213 1857 “

121 1929 288 2005 saepissime
309 1937 337 1985 et
360 1927 514 2010 aliquanda
536 1932 625 1985 etiam
646 1927 723 1984 dieta
748 1929 843 2009 aliquo
856 1925 976 2003 factore
998 1928 1060 1984 eius
1081 1924 1178 2006 depre-

121 2008 280 2066 henditur..
305 2009 350 2066 De
370 2031 396 2065 v.
418 2030 552 2088 respuere
571 2010 616 2068 vd.
637 2020 734 2068 annot.
752 2009 785 2067 ad
806 2007 879 2067 Dial.
895 2013 922 2066 9.
963 2006 1130 2088 Asperaari
1147 2027 1179 2067 ao

121 2109 254 2170 respuere
274 2089 424 2148 coniunxit
445 2089 505 2150 Cic.
527 2090 561 2149 de
583 2091 664 2150 Orat.
686 2093 733 2162 ΙΙΙ,
754 2095 805 2164 25,
827 2095 874 2148 99.
896 2091 956 2148 Fet.
977 2097 1025 2148 20.

99 2203 103 2209 '
139 2226 143 2234 ·
200 2186 397 2268 habebantque
414 2191 503 2267 ipsias
520 2189 620 2268 populi
638 2187 897 2247 diversissimarum
916 2191 1034 2246 aurium
1052 2182 1177 2269 copiam]

121 2265 219 2325 Boett.
245 2266 274 2325 in
295 2269 362 2326 Lex.
385 2270 450 2328 Tac.
473 2291 499 2349 p.
523 2275 588 2327 177.
609 2289 661 2350 que
680 2269 801 2348 explicat
821 2292 874 2350 per
893 2275 992 2339 etiam,
1012 2281 1178 2350 praeterea,

121 2359 156 2407 ut
174 2347 240 2407 inlr.
261 2351 425 2431 hodieque,
444 2351 509 2410 coll.
528 2354 604 2409 Ann.
624 2352 700 2424 XlV,
721 2357 766 2409 28.
795 2356 935 2432 auxitque
951 2362 1072 2432 patrum
1082 2353 1179 2416 ,tona

108 2451 183 2490 rem
203 2432 363 2491 statuendo.
404 2433 499 2492 Verba
520 2432 561 2492 si'c
583 2440 678 2492 strue:
701 2433 898 2514 lralelrautque
918 2436 1034 2514 eopiam'
1048 2435 1179 2492 dirersis-

122 2516 263 2572 simarum
290 2519 404 2573 aurium
432 2519 521 2595 ipsius
548 2516 661 2597 papuli,
691 2527 719 2574 et
748 2514 951 2596 interpretare:
982 2515 1179 2594 habebantque

124 2593 234 2674 copiam
254 2595 300 2655 vel
324 2596 570 2677 opportunitatem
592 2598 785 2678 cognoscendi
805 2610 835 2656 et
854 2597 931 2656 inter
947 2618 977 2657 se
999 2595 1180 2678 comparandi

125 2675 237 2735 diversa
256 2677 359 2736 iudicia
384 2678 501 2759 populi,
530 2677 557 2736 h.
579 2699 602 2736 e.
623 2678 804 2755 auditorum,
821 2679 883 2757 >qui
904 2679 996 2738 causis
1021 2690 1051 2737 et
1072 2677 1179 2739 iudiciis

124 2756 322 2817 interfuerant.
370 2761 415 2818 De
443 2760 494 2819 hac
522 2772 682 2834 structura,
718 2782 773 2839 qua
806 2760 951 2842 genitivus
979 2761 1115 2842 genitivo
1140 2771 1181 2821 eat

68 2865 70 2868 ·
123 2838 288 2915 subiectus,
319 2839 354 2898 el.
383 2853 496 2921 praeter
516 2841 626 2901 Dronk.
648 2853 678 2901 et
696 2841 840 2919 Eckstein.
862 2843 897 2902 ad
921 2842 950 2901 Ιι.
969 2841 987 2901 Ι.
1010 2843 1181 2903 Ramshoru.

124 2919 152 3002 ᾗ.
177 2924 244 2978 107:
270 2922 395 3003 Herzog.
421 2922 456 2982 ad
481 2921 561 2982 Caes.
582 2924 616 2981 B.
638 2921 669 2983 C.
687 2925 715 2997 Ι,
734 2930 759 2981 7.
781 2924 869 2983 Kritz.
895 2925 929 2983 ad
956 2923 1024 2985 Sall
1050 2927 1113 3006 lug.
1134 2931 1181 2999 30,

126 3008 154 3062 3.
177 3008 226 3074 65,
247 3008 274 3062 3.
302 3003 414 3063 Kuelm.
435 3005 468 3081 ¹ad
490 3001 550 3063 Cic.
572 3005 659 3064 Tusc.
682 3006 717 3079 ΙΙ,
740 3011 787 3075 15,
810 3012 857 3066 35.
884 3005 986 3067 Creur.
1008 3006 1191 3070 adcincta.

44 3132 46 3137 .
125 3084 199 3165 Rep.
220 3086 242 3157 Ι,
263 3092 310 3144 28.
331 3109 358 3165 p.
382 3091 447 3145 119.
468 3086 575 3167 Reisig.
597 3085 710 3146 Vorles.
734 3086 761 3167 ξ.
783 3089 849 3147 342.
943 3091 947 3102 “

206 3185 256 3263 qui
266 3180 375 3260 faeiem
397 3185 589 3266 eloquentiae,
620 3206 675 3245 nou
700 3188 854 3259 imaginem
870 3184 1059 3269 praestaret]
1080 3187 1183 3248 Facies

127 3260 302 3346 (aldorma)
323 3263 352 3322 h.
372 3263 390 3323 l.
411 3265 429 3323 i.
449 3288 476 3345 q.
497 3271 553 3325 teta
572 3269 732 3349 ἀρχέτυπρς,
751 3266 903 3344 ciprianum,
926 3270 1100 3344 παράδειγμα,
1121 3290 1182 3351 spe·

125 3348 182 3423 eies
203 3342 263 3404 Cic.
285 3345 366 3414 Orat.
387 3353 405 3405 2
427 3359 456 3406 et
477 3353 522 3421 3.,
546 3349 661 3420 Urunt,
692 3353 789 3424 image
819 3361 863 3410 est
889 3348 1054 3410 adumbrata
1083 3351 1183 3412 simili-

126 3425 217 3500 tudo,
240 3425 353 3485 Attila.
377 3425 436 3488 Cic.
458 3428 518 3488 0ss.
538 3431 561 3504 Ι,
583 3435 610 3490 5.
650 3431 789 3505 Formam
808 3433 919 3515 quidem
940 3435 1051 3512 ipsam,
1080 3436 1184 3495 Marco

116 3503 184 3588 fili,
222 3517 250 3566 et
274 3519 411 3590 tauquam
429 3508 543 3589 faeiem
571 3513 684 3572 honesti
708 3513 792 3573 vides.
824 3512 884 3573 Cic.
905 3512 986 3573 Orat.
1007 3520 1035 3573 3.
1056 3514 1098 3575 iu.
1118 3537 1185 3597 per·

117 3587 408 3670 seataeeluquentiae
422 3596 542 3673 speeiem
557 3597 653 3658 auimo
670 3597 805 3668 ridemus,
822 3594 945 3674 effigiem
960 3597 1082 3656 auribus
1096 3619 1184 3680 quae-

126 3675 226 3739 rimus.
260 3671 362 3746 Quint.
382 3674 420 3747 X,
441 3681 471 3747 2,
495 3679 540 3733 15.
575 3675 699 3757 sufficiat
725 3683 879 3753 imaginem
902 3681 1013 3736 uirtutis·
1040 3677 1183 3759 effingere.

125 3752 191 3825 Liv:
217 3754 279 3827 XL,
307 3759 333 3814 9.
367 3757 552 3833 simulacrum
573 3792 604 3803 -
639 3755 736 3834 imago
763 3780 878 3839 pugnae
904 3747 1065 3839 opponitu‘r
1093 3782 1184 3823 verae·

125 3835 242 3914 Spectat
263 3834 356 3895 autem
373 3835 472 3915 saeies
494 3840 669 3921 eloquentiae
696 3843 731 3901 ad
757 3842 854 3902 sorum
882 3853 912 3902 et
936 3840 1057 3922 iudicia,
1087 3848 1183 3920 imago

126 3915 161 3996 ad
180 3914 292 3976 scholas
312 3919 471 3978 rhetorum.

197 4012 299 4092 seerru,
322 4038 378 4075 nou
396 4016 512 4077 rudibus
532 3989 719 4102 dimiaauter]
740 4022 857 4083 sudibus
873 4019 964 4082 Codd.
982 4033 1012 4083 et
1021 4023 1099 4089 Eud.
1115 4020 1187 4084 vett.¹

124 4095 156 4156 it.
177 4093 299 4155 Seebod.
322 4109 352 4157 et
370 4097 468 4172 Bacb,
487 4103 640 4180 probatum
653 4104 789 4165 Doederl.
811 4124 927 4185 quoque
945 4105 1008 4165 Lat.
1031 4106 1105 4192 Syn.
1119 4104 1185 4167 Vol.

124 4179 172 4239 ΙΙΙ.
195 4199 229 4259 p.
249 4185 317 4240 266.
344 4179 409 4240 coll.
432 4179 503 4244 loca
522 4184 585 4246 liv.
608 4187 667 4262 XL,
689 4192 716 4247 6·
747 4189 895 4269 multaque
921 4190 1049 4265 ouiuera,
1067 4188 1185 4277 nuditas
