2634 4656
413 316 417 325 «
498 274 576 358 Cup.
601 273 691 337 XXI.
1083 277 1145 341 143

69 429 299 503 studiosorum
332 428 489 502 monibus
510 447 685 504 versantur
712 430 958 519 accusationes,
1016 458 1078 505 nae
1109 432 1146 507 in

68 529 240 602 Vatinium
258 527 500 619 inscribuntur,
525 558 563 604 ac
582 530 762 631 praecipue
783 529 928 602 secunda
945 459 1053 604 exitis
1069 559 1146 605 ora-

67 629 125 701 tio
177 628 238 701 Est
259 628 347 701 enim
374 626 485 703 verbis
507 646 622 703 oruata
646 645 677 702 et
704 629 896 716 sententiis,
923 628 1063 702 auribus
1092 631 1145 705 iu·

67 725 185 801 dicum
215 726 482 815 ascommodata,
514 745 552 802 ut
583 728 668 821 scias
701 728 813 829 ipsum
847 755 982 827 quoque
1009 728 1145 832 Calvum

65 882 217 943 uDrusum
247 882 384 965 suspicor
412 883 503 945 luisse
530 882 631 961 illum,
671 906 757 965 quem
787 905 802 942 a
829 877 968 944 Lucretio
997 904 1080 943 reum
1108 884 1145 946 de

86 963 316 1025 roeraricatione
348 966 454 1026 factum
484 964 590 1027 Cicero
619 988 634 1026 a
662 987 695 1026 sc
722 965 873 1025 defensum
910 963 1013 1024 scribit
1040 966 1143 1026 Attico

64 986 204 1127 Epplv,
216 1051 310 1106 16.-
328 1047 385 1108 Hic
404 1049 521 1107 Drusus
539 1047 596 1106 luit
616 1047 764 1107 familiaris
786 1046 918 1128 Pompeii
942 1045 1004 1126 (vd.
1020 1047 1094 1128 Epp.
1108 1047 1144 1108 ad

64 1126 159 1188 Attie.
175 1128 231 1201 ΙΙΙΙ,
254 1125 311 1209 7.),
334 1127 385 1188 ubi
403 1129 585 1190 Pisaurensis
606 1129 773 1188 nominatus
796 1151 860 1189 cnm
882 1126 1010 1208 epulone
1023 1128 1143 1188 Vatinio

64 1207 263 1289 componitur.
310 1210 451 1271 Defendit
479 1231 545 1270 eum
572 1208 677 1272 Cicero
705 1210 795 1292 (tlpp.
823 1210 858 1269 ad
881 1209 968 1268 attic.
996 1212 1048 1285 tv,
1079 1209 1143 1294 15.)

62 1290 136 1373 post
157 1289 333 1358 Messiume
353 1291 500 1375 legatione
519 1290 651 1351 Caesaris
670 1303 858 1363 revocatum,
886 1292 937 1370 qni
957 1289 1033 1351 idem
1052 1293 1143 1351 Pom-

62 1370 125 1455 peii
143 1364 291 1433 familiaris
311 1372 378 1434 suit.
428 1375 529 1434 Druso
558 1385 587 1432 et
607 1373 717 1434 Messio
738 1373 818 1433 litem
846 1372 946 1430 intulit
966 1393 1032 1432 eum
1056 1371 1144 1434 Cice·

63 1474 161 1528 rone,
182 1452 313 1514 faciliore
332 1454 467 1537 Pompeii
486 1453 668 1516 familiarium
691 1451 833 1536 pat'rono,
855 1474 1058 1535 congressus«

148 1554 178 1610 r‘n
202 1551 350 1611 bominum
375 1553 572 1629 studiosorum
600 1552 734 1613 monibus
764 1549 932 1633 versantur]
971 1549 1141 1613 Econiect.

62 1630 176 1694 Acitat.
198 1635 326 1692 omnium
347 1633 451 1693 Heum.
472 1633 592 1695 Schola.
613 1633 738 1695 Seebod.
768 1632 859 1693 Orell.
887 1632 1005 1709 Boett,
1028 1633 1064 1694 de
1105 1656 1142 1696 ua

61 1714 213 1795 frequenti
236 1714 351 1774 conius.
378 1715 426 1774 vd.
454 1713 545 1774 Kritz.
573 1715 609 1774 ad
636 1714 704 1775 Sall.
727 1717 788 1797 lug.
812 1718 858 1774 74.
889 1715 984 1773 Beier.
1013 1715 1047 1774 ad
1078 1657 1140 1776 dte.

62 1795 154 1856 Offic.
175 1796 211 1854 Τ.
233 1796 267 1855 ΙΙ.
289 1819 317 1877 p.
338 1801 407 1855 308.
454 1798 580 1857 Studere
601 1796 690 1878 (Dial.
711 1801 761 1856 21.
782 1801 830 1855 32.
851 1793 916 1876 39.)
944 1804 973 1854 et
992 1797 1141 1856 studiosus

61 1874 198 1949 absolute
217 1875 264 1936 vel
283 1877 308 1936 is
330 1877 439 1937 dicitur
459 1899 478 1937 a
496 1877 608 1959 seriptt.
629 1889 740 1960 argent.
761 1888 865 1950 aetat,
895 1877 946 1956 qui
966 1875 1072 1937 litteris
1094 1879 1140 1937 ‹li-

40 1956 191 2041 ¹lig'enter
213 1977 331 2055 operam
348 1958 397 2018 dat
415 1958 461 2018 vd.
483 1959 557 2020 Plin.
579 1960 652 2041 tpp.
674 1961 708 2032 ll,
733 1965 777 2018 13.
800 1960 850 2032 tt,
874 1963 899 2018 1.
922 1964 967 2032 3.,
989 1959 1036 2018 vel
1055 1982 1140 2041 praef

61 2040 168 2121 cipue,
198 2062 250 2121 qm
278 2039 473 2120 eloquentiam
496 2052 601 2119 tractat
622 2041 668 2100 vd.
697 2039 832 2100 Frotseb.
855 2039 890 2100 ad
920 2039 1024 2114 Quint.
1046 2043 1085 2118 X,
1109 2048 1138 2118 7,

60 2128 130 2197 27.;
153 2122 190 2183 de
208 2132 333 2203 utraque
352 2121 449 2203 signif.
471 2119 553 2182 Cort.
574 2123 609 2182 ad
629 2122 704 2182 Plio.
728 2124 802 2203 Epp.
825 2123 873 2197 lll,
894 2126 924 2196 5,
946 2126 974 2181 5.

80 2278 83 2283 ,
143 2240 220 2302 quoe
238 2224 268 2279 in
292 2222 437 2279 Vatinium
456 2218 670 2361 inscribuntupi]
690 2222 857 2280 scribuntur
877 2218 950 2280 cod.
965 2221 1051 2281 Farn.
1070 2242 1140 2281 con-

59 2299 227 2369 scribuntur
252 2299 345 2361 Codd.
366 2301 475 2362 Vaticc.
495 2303 560 2362 Par.
580 2302 639 2361 Vin
662 2346 669 2361 .
695 2314 767 2363 vett.
789 2302 861 2361 Edd.
888 2304 1083 2363 inscribuntur
1102 2325 1141 2363 ex

60 2382 174 2464 optima
196 2383 308 2443 emend.
332 2382 411 2462 Lips.
440 2383 470 2441 io
498 2404 589 2464 marg.
619 2383 771 2462 proposita
799 2394 829 2442 11
855 2393 963 2462 recept.
984 2406 999 2444 a
1019 2383 1138 2444 Picben.

59 2465 225 2544 Edd,seqq.
264 2463 314 2524 sic
327 2462 406 2523 Dial.
420 2470 467 2524 38.
484 2468 615 2546 exeeptis
630 2464 855 2523 orationibus-
865 2483 941 2545 quoe
954 2487 986 2544 p.
1000 2465 1028 2523 b.
1044 2465 1078 2524 U.
1092 2469 1139 2525 in-

59 2546 234 2625 ppridunutr.
268 2543 373 2619 Quint.
393 2547 446 2617 vt,
467 2549 497 2620 3,
519 2551 569 2604 22.
596 2546 670 2604 bueo
695 2545 854 2625 disputatio
875 2564 895 2603 1
923 2544 1050 2605 Graecis
1077 2559 1138 2624 nupt

58 2636 165 2706 putrem
185 2628 360 2687 inscribitur.
404 2625 510 2687 Cicero
539 2625 591 2702 ubi
620 2646 690 2686 suos
721 2626 813 2697 libros
842 2625 929 2700 citat,
958 2624 1031 2707 pers.
1059 2649 1137 2709 pass.

58 2709 176 2783 utitor,
194 2707 246 2769 ubi
266 2707 395 2782 alienos,
415 2708 563 2789 praesenti
582 2719 699 2789 praeter
718 2706 774 2767 loc.
796 2707 883 2768 offic.
906 2710 929 2780 Ι,
950 2713 978 2768 9.
999 2708 1035 2769 de
1056 2709 1138 2768 addi-

59 2802 181 2864 tament.
207 2801 338 2869 sospeet..
360 2790 408 2848 vd.
430 2790 597 2870 interprett.
617 2789 717 2849 Dirin.
739 2791 777 2864 ΙΙ,
801 2795 881 2849 Leo
902 2789 992 2867 libro,
1022 2794 1074 2874 qui
1093 2801 1138 2865 est

58 2877 216 2955 inscriptus
234 2871 419 2931 Hortensius.
440 2873 529 2931 'frasu
551 2873 574 2946 Ι,
594 2873 646 2946 24,
667 2877 716 2930 57.
743 2873 774 2930 in
795 2891 828 2931 eu
847 2871 938 2946 libro,
967 2877 1018 2955 qui
1033 2878 1137 2934 inserta

59 2957 141 3019 bitur
165 2957 263 3013 Meno.
312 2952 365 3012 Dcv
386 2952 570 3023 orationibus
596 2952 747 3027 iuVatin.
777 2951 981 3014 cunutus.
1009 2954 1148 3025 Ellendt

58 3034 197 3119 Prolegg.
219 3057 246 3116 p.
264 3031 372 3093 CXXll
389 3056 446 3113 sq.,
466 3034 517 3114 qui
538 3032 687 3110 observat,
712 3036 745 3094 P.
768 3033 917 3113 Vatinium
938 3055 954 3094 a
976 3032 1067 3095 Calvo
1090 3035 1136 3099 bis

57 3130 225 3181 accusatum
245 3116 281 3175 de
301 3114 449 3175 maiestate
476 3116 564 3175 etde
591 3116 699 3175 ambitu
727 3115 758 3175 in
778 3116 902 3197 petenda
921 3126 1080 3195 praetura,¹
1104 3117 1136 3176 in

58 3222 117 3282 qua
146 3196 252 3261 Catoni
280 3196 424 3276 praelatus
453 3209 517 3270 est,
545 3209 576 3258 11
604 3198 761 3258 secundam
787 3197 950 3257 orationem
972 3197 1135 3278 praecipuis

57 3295 193 3353 ueterum
220 3277 353 3341 laudibus
383 3277 556 3341 celebratam
579 3279 616 3339 ad
641 3278 768 3339 ambitos
786 3277 928 3338 iudicium
945 3277 1136 3359 pertinuisse,

41 3365 90 3425 in
111 3383 172 3443 qoo
188 3361 259 3422 'curn
287 3360 418 3420 defendit
438 3359 545 3421 Cicero
566 3366 634 3419 700.
655 3363 693 3419 U.
717 3357 750 3420 C.
793 3358 838 3421 Cf.
859 3359 896 3419 de
922 3381 959 3420 eo
982 3361 1136 3423 Onomast.

56 3446 136 3509 Tull.
156 3447 190 3505 P.
209 3444 243 3502 ll.
264 3464 294 3522 p.
315 3447 375 3502 635
396 3465 439 3523 sq.
469 3442 514 3502 ed.
536 3441 628 3503 Orell.
651 3453 681 3503 ct
700 3441 775 3507 Bait.
804 3439 952 3525 Spalding.
972 3443 1009 3503 ad
1030 3443 1135 3520 Quint.

52 3529 107 3604 ut,
134 3530 231 3602 1,13.

57 3665 60 3670 -
139 3623 196 3684 Eu
214 3626 290 3682 enim
312 3621 406 3682 uerbis
425 3632 535 3680 ornata
556 3631 585 3680 et
605 3625 771 3695 sententiis,
796 3620 918 3680 1111311
936 3618 1063 3679 iudicum
1083 3639 1134 3680 ac-

55 3702 266 3785 commodato]
303 3704 423 3762 Praeter
447 3703 650 3763 necessitatem
670 3701 803 3782 copulam
824 3712 893 3780 post
916 3705 1067 3759 sententiis
1086 3700 1133 3761 in-

54 3798 213 3854 truserunt
227 3784 343 3845 Sebula.
360 3783 462 3845 Obcrl.
481 3785 592 3844 Osann.
603 3777 801 3843 Orellssoett.
817 3781 1004 3862 auribusque,
1019 3782 1133 3843 Droolt.

55 3866 246 3941 et'ouribus,
279 3868 385 3926 Heum.
409 3877 440 3926 et
460 3866 586 3926 Seebod.
615 3885 652 3923 oo
680 3865 801 3923 auribus
825 3862 1013 3935 exhibentes,
1042 3886 1134 3943 quum

51 3950 275 4035 participiorum
296 3953 443 4015 davidicos
461 3949 626 4029 positorum
647 3945 738 4019 multa
766 3944 895 4025 exempla
922 3955 1046 4004 exstent.
1087 3945 1132 4008 Cs.

53 4047 156 4110 annot.
183 4031 218 4091 ad
239 4029 315 4090 Dial.
336 4037 365 4089 2.
401 4028 520 4090 Ramsb.
542 4029 596 4088 Gr.
617 4027 644 4109 §.
668 4032 735 4087 171.
760 4028 806 4086 ΙΙΙ.
829 4032 856 4085 7.
893 4023 953 4086 Cic.
975 4022 1132 4104 Caritttt,

53 4121 84 4176 5.
102 4118 238 4174 recitatis
258 4114 365 4171 litteris
386 4113 556 4171 debilitatus
575 4120 666 4193 atque
688 4110 836 4186 abiectus,
863 4110 1042 4169 conscientia
1063 4130 1134 4170 con·

51 4202 147 4258 uirtus
163 4203 283 4276 repente
302 4197 446 4256 construit.
508 4240 511 4247 ,
