2634 4656
455 300 471 342 ι
519 289 596 375 cap.
620 290 812 355 xxxrsm.
873 297 877 306 ·
973 300 976 311 ¹
1138 301 1201 363 aot
1300 343 1302 346 ψ

133 470 254 515 norum
286 441 470 516 finiebatur.
527 445 660 520 Primus
694 445 776 530 haec
806 445 902 521 tertio
935 448 1108 526 consulatu
1139 453 1199 528 Cn.

133 539 315 642 Pompeius
342 542 491 643 astrinxit
522 544 747 648 imposuitque
778 544 876 620 veluti
906 547 1203 653 frenoseloquenss
1258 554 1279 571 ”

133 644 218 730 tiae,
244 642 288 715 ita
305 660 415 716 tamen
431 660 469 715 ut
483 646 594 718 omnia
610 647 646 719 in
665 646 758 735 loro,
784 647 894 720 omnia
913 645 1064 746 legibue,
1089 655 1202 726 omnia

131 741 226 844 apud
249 760 417 843 praetores
446 763 657 841 gererentur3
693 746 784 848 apud
809 773 894 847 quos
926 765 1051 850 quanto
1074 753 1201 824 maiora
1269 842 1273 848 ⁸

131 914 202 973 Tac.
220 935 250 996 p.
273 917 358 990 142,
382 910 439 995 qui
457 914 551 975 multo
572 914 657 977 latius
677 937 721 998 ap.
741 917 808 977 Tac.
829 937 914 998 mam
930 939 975 1000 ap.
997 930 1065 980 cett.
1086 920 1198 1002 scriptt.

130 995 232 1078 patere
258 1019 344 1057 usum
372 995 461 1056 dativi
487 1018 552 1057 cum
579 997 679 1078 partic.
705 998 800 1059 ‘lutum
827 999 904 1080 pas's.
932 999 1032 1063 multis
1061 1004 1210 1084 exemplis.

131 1076 304 1160 explanavit.
331 1078 409 1138 Anu.
429 1079 478 1151 ttl,
499 1085 527 1148 1.
566 1079 633 1139 Illic
651 1101 765 1161 paucos
793 1081 856 1141 dies
879 1083 1073 1163 componendo
1098 1095 1198 1145 animo

130 1163 259 1222 insumit.
287 1161 337 1233 Vl,
361 1165 409 1220 37.
446 1162 494 1220 ille
516 1181 616 1245 equum
640 1155 895 1244 placentio'amni
915 1164 1097 1225 onomast-u.
1138 1167 1198 1228 Sed

86 1255 90 1259 ’
130 1241 246 1303 dativus
266 1263 383 1323 quoque
403 1242 431 1301 h.
451 1241 469 1302 l.
496 1243 631 1323 explicari
657 1256 757 1325 potest
783 1244 830 1306 vel
857 1264 894 1306 ex
920 1246 1049 1329 analogia
1068 1247 1197 1310 locutio·

129 1347 202 1385 num
224 1345 338 1384 suniero
364 1324 477 1407 aliquid
501 1327 593 1385 ah‘cui
619 1330 680 1398 rei,
707 1326 824 1388 moelum
852 1330 943 1388 alicui
968 1333 1014 1389 rei
1031 1328 1136 1409 faeere
1156 1362 1195 1380 ···

128 1417 261 1467 statuere
281 1442 319 1452 -
344 1410 517 1468 constituere
538 1441 575 1452 -
594 1429 702 1490 ponere
722 1420 776 1470 etc.
797 1409 859 1492 (vd.
880 1409 1009 1491 Leria),
1038 1409 1085 1473 vel
1106 1406 1197 1474 locut.

118 1487 217 1570 finem
231 1488 338 1567 ‚faeere
364 1491 485 1549 alicuius
512 1493 557 1549 rei
574 1502 604 1550 et
630 1492 719 1552 alicui
743 1494 805 1565 rei,
830 1491 867 1552 de
888 1515 944 1573 qua
965 1493 1000 1553 cf.
1014 1494 1140 1576 Herzog.
1160 1495 1196 1558 ad
1308 1544 1310 1552 .

111 1569 214 1633 ,caes
228 1573 262 1631 Β.
279 1567 322 1631 G.
343 1572 408 1646 vu,
428 1576 477 1630 25.
497 1569 531 1632 c.
552 1563 610 1648 ut,
623 1576 670 1633 ιο.
711 1572 778 1633 salt.
793 1576 853 1661 ug.
876 1579 923 1634 ιι.
943 1574 983 1633 tn.
1004 1580 1055 1652 m,
1077 1581 1105 1635 7.

199 1667 380 1751 finiebatur]
402 1667 475 1729 Cod.
493 1671 577 1730 Farn.
598 1671 671 1731 Eat.
682 1671 767 1752 Lips·
779 1682 809 1731 et
824 1693 920 1751 seqq.;
932 1670 1195 1750 serebaturCodtl

127 1753 193 1812 Par.
214 1752 300 1811 Viud.
330 1753 382 1810 Ed.
410 1750 504 1831 Spir.;
536 1753 693 1824 cavebatur
722 1775 739 1813 e
767 1752 932 1835 corruptela
958 1754 1011 1813 Ed.
1040 1756 1106 1815 Put.
1128 1757 1195 1826 lliv.

127 1835 197 1894 Ber.
209 1832 272 1894 Alc.
293 1833 387 1894 eren.
407 1833 520 1893 Drouk.
542 1835 651 1895 Osann.
687 1835 787 1895 Finire
806 1835 825 1894 i.
846 1857 873 1916 q.
894 1834 1128 1898 delinireGerm.
1147 1843 1195 1914 19.
1238 1851 1240 1862 “

126 1937 313 1977 numerorum
334 1916 490 1976 liberorum
501 1915 595 1996 finire
618 1939 642 1979 c.
660 1929 758 1978 annot.
778 1928 856 1979 nost.
895 1915 970 1980 Ptin.
996 1919 1069 2006 Epp.
1092 1920 1144 1996 Vl,
1165 1926 1194 1981 2.
1236 1960 1240 1967 .

125 2009 239 2082 tempus
246 1997 348 2079 finire.
382 2009 383 2013 ’
708 2054 713 2064 ,

131 2096 134 2103 ’
168 2164 172 2168 .
208 2096 419 2171 Primustm
437 2101 523 2158 tertio
543 2098 694 2159 considatu
713 2097 764 2157 Cn.
783 2097 940 2182 Pompeius
958 2083 1116 2180 ustrimitit]
1145 2098 1196 2160 Sic

125 2179 227 2242 locum
248 2176 353 2240 eCod.
365 2181 449 2240 Farn.
467 2178 661 2240 restituerunt
679 2178 800 2240 Bekker.
815 2179 960 2245 Boetticli.
975 2179 1091 2241 Waltlr.
1107 2181 1200 2240 Bacis.-

92 2308 93 2314 .
125 2261 218 2335 Ritt.;
235 2263 450 2343 primuslmius
468 2261 535 2321 ΙΙΙο
557 2263 666 2322 consto
686 2262 741 2322 Gn.
759 2263 916 2344 Pompeius
935 2261 1009 2324 cot.
1029 2264 1113 2337 Pau,
1130 2267 1194 2343 pri-

126 2365 194 2406 mus
212 2345 302 2404 liuius·
318 2388 325 2403 .
340 2389 347 2404 .
364 2388 393 2405 ..
413 2366 486 2404 eous.
508 2345 563 2412 Gn.
582 2345 619 2403 P.
640 2340 713 2404 Cod.
728 2344 814 2403 Vind.
833 2344 906 2404 Edd.
926 2343 1002 2426 Spin
1023 2344 1089 2404 l'ut.
1110 2344 1193 2414 Riv.;

108 2431 238 2512 ssprimus
264 2430 350 2486 tertio
377 2428 528 2486 consulatu
556 2425 628 2487 Edd.
647 2425 714 2485 Ber.
743 2436 774 2484 et
797 2446 877 2504 seqq.
903 2424 966 2486 lere
986 2446 1106 2501 omnes,
1135 2425 1200 2486 nisi

118 2509 209 2592 quod
226 2508 338 2569 Dronk.
353 2505 465 2590 primus
480 2507 565 2567 liuius
586 2548 684 2565 .....
705 2527 792 2580 cons,
811 2518 841 2565 et
853 2506 962 2566 Osann
979 2510 1093 2588 ‘arienne
1111 2510 1193 2567 ....:

125 2612 203 2654 eous.
245 2591 394 2652 Astrinuit
412 2589 431 2648 i.
452 2610 476 2650 e.
497 2587 653 2664 coartavit,
681 2587 831 2669 augustius
850 2583 966 2648 dicen&
985 2599 1098 2669 tempus
1119 2609 1192 2649 con-

124 2662 232 2750 ‘cessit,
248 2673 414 2753 metaphora
435 2683 547 2752 sumpta
567 2691 583 2729 a
604 2668 730 2730 fustibus
751 2669 796 2730 vel
812 2668 953 2749 vinculis,
974 2690 1036 2729 nou
1055 2693 1071 2730 a
1090 2668 1205 2731 sullia-¹
1258 2693 1261 2704 ¹

126 2756 223 2832 mine,
252 2767 287 2814 ut
306 2755 384 2814 inter
405 2754 456 2814 alia
476 2752 631 2833 proposuit
658 2753 735 2833 Rup.
758 2749 818 2813 Cic.
843 2751 916 2834 Epp.
936 2753 972 2812 ad
992 2751 1080 2812 Attio.
1102 2754 1140 2827 X,
1163 2759 1192 2814 6.

125 2839 223 2900 Pater
249 2841 323 2896 enim
349 2842 434 2896 nimis
462 2836 627 2910 indulgens,
653 2835 789 2917 quiequid
814 2843 866 2910 ego
894 2834 1037 2906 astrinxi,
1062 2830 1192 2896 relaxat.
1256 2885 1259 2894 .

128 2921 216 2982 offic.
236 2920 285 2994 lll,
298 2924 352 2985 ,at
394 2919 511 2987 nuttam
534 2919 674 2988 uinculum
703 2917 745 2976 ad
764 2917 982 2993 astringendam
994 2913 1091 2996 fidem
1113 2921 1192 2979 iure·
1274 2936 1275 2941 ’
1310 2916 1316 2923 ’

125 3001 251 3062 iurando
273 3006 399 3062 maiores
416 3005 509 3059 urticis
528 3020 590 3059 esse
610 2997 769 3059 uoluerunt.¹
989 3007 991 3012 '
1058 3050 1060 3053 ,

84 3139 85 3143 ,
208 3087 394 3167 imposuitque
415 3085 501 3142 ueluti
510 3082 613 3166 frenos
634 3072 830 3163 eloquentiae]
859 3077 1069 3162 »A'ngustiores
1088 3081 1190 3142 termi-

123 3187 183 3229 nos
207 3189 229 3226 s.
250 3167 323 3226 fines
344 3168 443 3247 posuit
464 3162 628 3224 oratoribus
648 3162 840 3223 forensibus«
873 3161 971 3222 Hauli.
998 3162 1194 3242 »Libertatem

125 3246 242 3309 dicendi
269 3248 398 3309 coercuit
423 3259 555 3328 tempore
576 3256 749 3306 contracto«
789 3247 865 3324 Rup.
900 3243 980 3304 Nihil
1005 3245 1187 3326 frequentius

125 3330 203 3413 apud
223 3331 295 3391 Latt.
315 3352 397 3411 quam
417 3329 570 3389 formulae
584 3349 608 3399 a,
617 3324 714 3405 frenis
740 3324 787 3386 vel
812 3324 847 3386 ab
874 3326 994 3387 habenis
1022 3329 1187 3408 desumptae

125 3412 164 3473 de
184 3411 291 3488 rebus,
320 3421 462 3492 quaeant
482 3421 672 3486 coercentur,
701 3419 883 3484 coartantur,
913 3421 963 3469 aut
987 3410 1188 3486 remittuntur,

95 3491 97 3496 ¹
123 3493 306 3575 relamntur;
335 3494 411 3554 sicut
437 3491 484 3576 api
509 3495 638 3553 Graecos
666 3481 709 3551 τόν
726 3495 842 3560 ..χαλινὸν
866 3498 950 3561 χαλᾶν
969 3524 1005 3537 -
1027 3495 1127 3552 διδόναι
1147 3526 1187 3539 ·-

121 3580 267 3643 ἐνὸὶδόναι,
303 3579 436 3653 ἐμβάλλειν
463 3610 501 3622 ·-
535 3580 651 3644 συνέχειν
674 3607 714 3621 ·-·
749 3579 870 3643 rustizanu.
931 3574 986 3633 Vd.
1013 3573 1135 3634 Forcell.
1164 3596 1185 3634 s.

122 3669 225 3739 utroq.
251 3680 280 3719 v.
307 3657 390 3720 Curt.
416 3660 481 3734 Vll,
502 3664 532 3731 8,
552 3663 601 3718 24.
631 3659 775 3736 imponere
794 3652 935 3733 felicitati
951 3655 1062 3735 frenos.
1111 3655 1186 3714 Plin.
1243 3710 1245 3722 ,

122 3741 272 3822 Epptx,
296 3747 347 3818 26,
368 3747 396 3800 7.
415 3740 468 3800 setl
486 3740 538 3799 leue
557 3738 679 3812 intelligi
698 3739 775 3818 uolo,
803 3738 949 3797 leuandus
974 3758 1035 3796 esse
1054 3739 1186 3820 eloquen-

120 3818 188 3884 'uae
198 3821 302 3903 frenos
321 3843 371 3883 neo
389 3824 590 3898 angustissimo
609 3841 680 3902 gyro
696 3822 872 3894 ingeniorum
891 3824 1013 3902 impetus
1026 3816 1186 3897 refringen-
1276 3885 1279 3890 ,

124 3903 188 3966 dus.
230 3905 332 3979 Quint
351 3906 426 3974 Vlll,
446 3924 575 3985 prooem.
595 3908 644 3962 27.
664 3922 780 3961 cursum
792 3901 913 3962 dicendi
930 3901 1067 3980 refrenet.

209 3992 306 4048 omm'a
325 3984 451 4068 legibus]
477 3986 558 4046 »Non
580 3982 700 4044 arbitrio
726 3982 868 4064 Principis
896 3983 941 4046 vel
960 4003 1080 4059 eorum,
1110 4004 1186 4064 quos

123 4068 265 4151 Princeps
287 4070 318 4129 iu
338 4068 489 4130 consilium
510 4080 703 4129 evocaverat«
730 4065 843 4126 Schulz.

206 4152 286 4234 apud
303 4149 471 4235 praetores]
495 4149 572 4224 »Qui
594 4148 648 4213 soli
664 4146 769 4207 dabant
778 4148 918 4208 actionem
935 4159 964 4207 et
978 4147 1188 4230 exceptionem,
1203 4151 1213 4157 ”

123 4231 230 4295 dabant
266 4235 374 4296 iutlices
411 4246 440 4297 et
476 4233 619 4308 arbitros,
643 4229 824 4312 iudiciisque
856 4243 1034 4312 pracerauts
1076 4229 1208 4300 Senum,
