2634 4656
486 291 566 377 cap.
588 293 686 387 -Vnr,
770 324 773 333 ·
875 239 889 287 ³
1084 297 1131 363 so

31 439 177 532 -edidit,
208 442 254 516 ad
277 473 377 544 quam
403 472 512 546 usque
534 446 703 521 fortunam
723 445 876 523 homines
899 447 1025 547 ingenii
1048 449 1128 525 riri·

47 539 116 614 bus
141 545 373 643 pervenerint,
400 545 463 619 sed
488 544 590 633 haec,
617 563 654 619 ut
678 575 716 621 su
742 575 780 620 ra
810 548 897 637 dixi,
921 549 1072 648 proxima
1097 567 1130 625 et

49 666 139 738 quae
163 669 234 715 non
256 644 373 718 auditu
394 644 645 741 cognoscenda,
671 575 855 720 sedoculis
871 646 1052 747 spectanda
1069 649 1129 723 ha-

49 737 220 813 beremus.
272 744 357 815 Nam
389 770 458 844 quo
492 742 663 816 sordidius
696 761 729 818 et
759 746 921 819 abiectius
950 748 1019 819 nati
1052 764 1130 823 sunt
1168 787 1171 795 ·

52 865 191 938 quoque
206 841 387 914 notabilior
409 858 589 943 paupertas
615 858 646 915 et
667 846 839 940 angustiae
855 873 966 917 rerum
990 873 1131 919 nascen-

40 952 102 1033 tes
127 966 186 1013 eos
209 941 515 1028 circumsteterunt,
550 967 590 1012 eo
612 939 752 1016 clariora
775 943 871 1016 etad
899 942 1132 1017 demonstran·

52 1033 133 1110 dam
157 1040 322 1112 oratoriae
347 1040 554 1142 eloquentiae
582 1038 753 1114 utilitatem
778 1041 957 1114 illustriora
983 1041 1132 1144 exempla

10 1236 16 1253 .
51 1192 118 1251 eius
144 1212 317 1273 numenque·
333 1196 496 1258 declarant.
536 1197 663 1258 Pseudo.
696 1194 757 1257 Cic.
784 1206 855 1277 post
882 1195 967 1256 redit.
987 1197 1024 1256 ad
1045 1196 1133 1272 Quir.

54 1276 104 1333 10.
126 1277 179 1356 qui
196 1277 279 1357 opud
291 1299 345 1337 -me
365 1279 486 1340 deorum
509 1282 720 1340 immortalium
742 1282 797 1337 eim
818 1288 848 1337 et
866 1299 972 1338 numen
993 1283 1105 1338 tenetis.

134 1355 191 1414 sed
208 1358 285 1417 boec
306 1393 352 1409 --
365 1359 556 1443 haberemus]
569 1360 752 1421 .Reiicienda
772 1370 819 1418 est
838 1360 904 1419 lect.
927 1359 1062 1420 deterior·
1077 1361 1135 1420 lta-

54 1434 158 1495 bemus
186 1437 203 1498 c
231 1441 299 1500 Put.
325 1455 483 1525 propagata
509 1443 541 1502 in
571 1443 725 1524 plerasque
753 1441 827 1500 Edd.
854 1453 972 1520 praeter
998 1443 1134 1501 Gronov:
1187 1456 1198 1481 ⁸

54 1515 181 1577 Bekker.
205 1520 465 1585 0rell.Boetticl1.
489 1524 607 1584 Waltlt.
634 1523 721 1583 Barla.
744 1522 817 1582 uin.
860 1523 957 1582 Locus
978 1522 1021 1582 sic
1040 1523 1135 1582 iuter-

30 1642 36 1659 .
53 1599 217 1678 precandus
238 1614 299 1664 cst:
330 1605 389 1666 Sed
409 1606 479 1667 haec
501 1606 648 1687 exempla,
670 1625 743 1685 quae
762 1624 852 1684 supra
871 1603 975 1684 posui,
1005 1602 1136 1663 Marcelli

54 1679 142 1760 Eprii
162 1693 193 1741 et
213 1683 292 1743 Vibii
313 1684 429 1769 Crispi,
454 1688 587 1769 proxima
614 1698 748 1766 tempore
768 1685 802 1762 (i.
818 1704 842 1744 c.
856 1705 932 1744 nova
948 1696 978 1744 ct
991 1683 1134 1765 recentia)

56 1772 89 1826 et
111 1760 275 1839 eiusmodi,
306 1789 379 1847 quae
410 1783 472 1830 non
495 1770 595 1829 auditu
624 1766 834 1849 cognovimus,
862 1765 914 1824 sed
932 1765 1042 1826 nostris
1064 1787 1138 1826 ocu-

55 1840 94 1903 lis
122 1842 182 1924 ipsi
204 1867 217 1905 s
239 1848 406 1910 ectavimus.
448 1853 494 1910 De
520 1854 668 1910 structura
693 1867 829 1928 pronom-
856 1850 908 1925 qui
935 1867 959 1906 c.
989 1846 1138 1907 coniunct.

56 1924 106 1984 vd.
128 1869 304 1988 Ramsiorn.
326 1932 380 1990 Gr.
399 1930 427 2013 §.
452 1938 520 2003 176.
542 1935 562 1990 l.
584 1937 612 1991 3.
640 1933 756 2010 Zumpt.
775 1926 803 2008 ᾖ.
825 1932 884 1987 556
907 1949 949 2006 sq.
984 1928 1081 1988 Pabst.
1102 1926 1139 1987 ad

56 2003 162 2088 Eclog.
177 2009 269 2069 Tacit.
284 2033 312 2091 p.
328 2016 397 2072 312.
417 2035 472 2073 nec
492 2012 519 2072 h.
544 2013 563 2072 l.
585 2011 746 2072 immernor.
784 2007 930 2068 Eckstein.
951 2009 983 2067 in
1002 2010 1063 2089 ind.
1084 2008 1140 2069 Ed.

57 2088 178 2150 walth.
199 2092 284 2150 Tom.
300 2095 350 2151 tv.
372 2116 401 2174 p.
416 2094 617 2176 4322Dialog.
641 2095 689 2152 40.
733 2093 800 2154 Non
817 2091 854 2148 de
873 2095 969 2149 otioso
992 2100 1020 2148 et
1038 2094 1140 2173 quieta

57 2189 93 2228 re
119 2171 148 2229 lo
170 2175 283 2248 mmor,
319 2182 348 2232 et
376 2197 454 2256 quae
478 2177 628 2258 probitate
654 2184 684 2233 et
710 2174 855 2234 modestia
880 2173 1022 2246 gaudeat.
1068 2170 1140 2231 ibid

57 2249 125 2313 Neo
143 2194 344 2314 ltaecdonum
363 2257 480 2339 quidem
501 2279 539 2317 ao
561 2259 725 2319 Persarum
747 2265 802 2336 aut
824 2255 910 2313 ullius
929 2258 1041 2329 gentis,
1064 2271 1142 2335 quae

58 2343 143 2394 certo
162 2337 287 2416 imperio
308 2347 445 2399 contenta
457 2338 569 2417 fiterit,
598 2340 794 2419 eloquentiam
815 2339 953 2394 norimus.
991 2335 1069 2394 Anu.
1093 2334 1141 2392 tlt.-

58 2418 110 2475 28.
128 2450 170 2465 -
199 2416 352 2492 Augustus
372 2452 414 2467 -
433 2421 571 2502 deditque
590 2424 677 2496 iuro,
697 2422 763 2500 quis
780 2437 858 2498 pace
878 2426 907 2474 et
924 2418 1057 2497 principe
1077 2425 1142 2487 ute-

55 2516 168 2557 remur.

132 2568 204 2662 xepm
218 2581 368 2643 sordidius
383 2593 413 2643 et
426 2584 570 2643 abiectius
585 2585 652 2642 nati
663 2578 746 2664 sunt]
769 2575 974 2639 »Contrarium
993 2574 1144 2656 splendide

61 2669 138 2718 nota
160 2673 190 2720 et
208 2673 297 2722 natus
316 2665 467 2745 splendide
488 2677 533 2725 est
553 2664 583 2724 in
603 2663 678 2724 Plin.
697 2663 792 2747 Epist.
813 2662 864 2734 vt,
888 2664 938 2732 33,
961 2664 987 2715 2.
1009 2656 1074 2732 Vll,
1090 2662 1143 2733 22,

64 2745 110 2813 1.;
130 2743 306 2804 sordidast
327 2747 445 2806 obiecta
473 2747 578 2822 Quint.
598 2747 669 2805 lost.
689 2763 733 2803 or.
754 2745 791 2819 ll,
815 2746 864 2814 12,
888 2745 914 2800 7.
946 2739 1093 2797 obiectum
1114 2746 1144 2797 et

60 2822 218 2895 sordidrim
240 2827 308 2886 Tac.
328 2826 506 2901 Annxttt,
531 2831 597 2888 46.«
629 2823 776 2886 Eckstein.
797 2821 829 2880 in
849 2819 903 2880 Ed·
922 2817 1040 2878 Walllt·

148 2927 273 2988 quoque·
284 2907 472 3048 notabilior?x
486 2909 607 2992 Quoque
625 2928 681 2988 pro
699 2916 728 2983 et
747 2925 802 2988 quo
823 2901 917 2961 rarius
933 2899 1073 2981 ponitur,
1095 2897 1144 2959 vd.

63 2983 158 3045 Kritz.
178 2987 213 3047 ad
234 2987 352 3065 Sallust.
373 2988 457 3050 Cati.
479 2997 527 3050 23.
549 2990 586 3048 de
602 2989 750 3048 Catilinae
764 2986 966 3045 coniuratione
980 2999 1057 3061 quoe
1070 2999 1145 3061 quo-

65 3086 124 3148 que
144 3069 231 3128 modo
251 3070 408 3145 audierat,
431 3072 626 3154 compluribus
646 3072 789 3129 narravit.
807 3098 843 3110 -
874 3063 1038 3133 Notabilis,
1064 3061 1146 3140 quod

62 3158 126 3207 tam
145 3149 177 3208 i'u
198 3149 304 3211 bonam
332 3174 417 3232 quam
439 3153 476 3220 ,in
505 3152 607 3214 malam
634 3161 746 3232 partem
773 3148 899 3220 dicitur,
928 3143 1068 3222 frequens
1100 3151 1146 3201 est

65 3230 144 3310 apud
166 3231 340 3307 Quintilian.
360 3231 422 3314 (vd.
443 3233 578 3294 Bonnell.
597 3231 684 3312 ιρι.)
713 3242 743 3290 et
770 3229 846 3309 apud
865 3225 1017 3298 'tacitum,
1047 3244 1063 3282 e
1085 3241 1145 3302 quo

35 3328 38 3332 ·
65 3310 159 3371 multa
184 3315 325 3394 exempla·
338 3304 500 3398 'congessit‘
519 3314 666 3376 Boettich.
694 3313 764 3372 Lex.
790 3311 858 3369 Tac.
882 3307 999 3387 Dialog.
1030 3325 1075 3385 cp.
1098 3309 1146 3364 10.

63 3412 196 3472 persona
214 3395 370 3473 notabitis,
391 3418 435 3478 cp.
454 3401 504 3458 40.
526 3397 664 3456 notabilis
683 3394 857 3475 eloquentia.

150 3481 307 3550 angustiae
326 3500 426 3538 rerum
446 3473 717 3556 circumsteterunt]
738 3477 917 3551 Ecorrupta
937 3466 1031 3530 Codd.
1048 3478 1079 3526 ct
1091 3463 1147 3524 Et
1226 3495 1232 3507 ·

66 3553 147 3635 Spir.
161 3555 228 3616 lect.
251 3564 389 3634 angustia
410 3571 540 3638 ereptum
561 3559 640 3640 Lips.
662 3555 780 3617 refinxit
800 3554 956 3627 angustiae
977 3569 1076 3643 rerum
1096 3565 1147 3605 re-

66 3647 220 3779 tilii
235 3625 1148 3796 illidii?{iiiiii“ttttlttt'ttlll

67 3798 136 3874 Xll,
165 3805 235 3876 52,
271 3808 318 3863 rei
343 3803 564 3884 frumentariae
592 3805 661 3878 XV,
682 3807 731 3861 36.
754 3795 901 3898 'stipendii
920 3795 943 3868 l,
968 3797 1028 3865 35,
1060 3787 1150 3884 semel

500 3873 1151 4046 ittaznttsgtur..titirus

61 4042 186 4103 ,Biston
204 4045 229 4118 l,
253 4051 299 4106 17.
339 4048 583 4109 Circumsteterat
601 4049 719 4106 interim
738 4044 886 4121 palatium
905 4037 1027 4115 Publica
1047 4053 1152 4114 mill·

69 4127 181 4184 ctatio·
203 4127 256 4203 Ν,
278 4133 326 4189 79.
368 4130 612 4190 Circumsteterot
633 4137 662 4186 et
682 4125 809 4185 Civilem·
825 4123 903 4180 alius
924 4127 1027 4178 metus.
1060 4117 1152 4188 Boet-
1175 4180 1177 4184 ,

70 4203 143 4266 ticli.
159 4205 236 4269 vtes.
256 4209 325 4272 Tac.
346 4231 370 4272 s.
390 4232 418 4276 v.
438 4209 587 4277 Eckstein.
607 4206 745 4289 Prolegg.
767 4225 796 4286 p.
815 4207 865 4265 83.
921 4266 951 4353 4.
1014 4262 1028 4269 ..
1072 4224 1076 4231 ’
1106 4261 1110 4268 .
