<?xml version="1.0" encoding="UTF-8"?>
<!DOCTYPE html PUBLIC "-//W3C//DTD XHTML 1.0 Transitional//EN"
    "http://www.w3.org/TR/xhtml1/DTD/xhtml1-transitional.dtd">
<html xmlns="http://www.w3.org/1999/xhtml" xml:lang="en" lang="en">
 <head>
  <title>
</title>
<meta http-equiv="Content-Type" content="text/html;charset=utf-8" />
  <meta name='ocr-system' content='tesseract 3.04.00' />
  <meta name='ocr-capabilities' content='ocr_page ocr_carea ocr_par ocr_line ocrx_word'/>
</head>
<body>
  <div class='ocr_page' id='page_1' title='image "./dialogusdeorato00tacigoog_0097.png"; bbox 0 0 2634 4656; ppageno 0'>
   <div class='ocr_carea' id='block_1_1' title="bbox 186 239 953 325">
    <p class='ocr_par' dir='ltr' id='par_1_1' title="bbox 186 239 953 325">
     <span class='ocr_line' id='line_1_1' title="bbox 186 239 953 325; baseline -0.009 -16"><span class='ocrx_word' id='word_1_1' title='bbox 186 242 230 309; x_wconf 75' lang='grc'><strong>44</strong></span> <span class='ocrx_word' id='word_1_2' title='bbox 386 282 393 297; x_wconf 85' lang='lat'><strong>·</strong></span> <span class='ocrx_word' id='word_1_3' title='bbox 527 239 686 325; x_wconf 73' lang='lat' dir='ltr'><strong>Dialogus</strong></span> <span class='ocrx_word' id='word_1_4' title='bbox 706 242 747 304; x_wconf 82' lang='lat' dir='ltr'><strong>de</strong></span> <span class='ocrx_word' id='word_1_5' title='bbox 767 240 953 303; x_wconf 71' lang='lat' dir='ltr'><strong>Oratoribus</strong></span> 
     </span>
    </p>
   </div>
   <div class='ocr_carea' id='block_1_2' title="bbox 185 363 1270 693">
    <p class='ocr_par' dir='ltr' id='par_1_2' title="bbox 185 363 1270 693">
     <span class='ocr_line' id='line_1_2' title="bbox 185 363 1269 494; baseline -0.007 -21"><span class='ocrx_word' id='word_1_6' title='bbox 185 400 240 473; x_wconf 88' lang='lat' dir='ltr'><strong>ius</strong></span> <span class='ocrx_word' id='word_1_7' title='bbox 271 371 353 470; x_wconf 87' lang='lat' dir='ltr'><strong>artis</strong></span> <span class='ocrx_word' id='word_1_8' title='bbox 386 422 463 469; x_wconf 90' lang='lat' dir='ltr'><strong>cum</strong></span> <span class='ocrx_word' id='word_1_9' title='bbox 497 411 667 467; x_wconf 87' lang='lat' dir='ltr'><strong>oratorum</strong></span> <span class='ocrx_word' id='word_1_10' title='bbox 698 392 806 491; x_wconf 83' lang='lat' dir='ltr'><strong>gloria</strong></span> <span class='ocrx_word' id='word_1_11' title='bbox 839 393 1064 494; x_wconf 86' lang='lat' dir='ltr'><strong>comparanda</strong></span> <span class='ocrx_word' id='word_1_12' title='bbox 1088 363 1171 481; x_wconf 33' lang='lat' dir='ltr'><strong>lest,</strong></span> <span class='ocrx_word' id='word_1_13' title='bbox 1212 394 1269 493; x_wconf 89' lang='lat' dir='ltr'><strong>qui</strong></span> 
     </span>
     <span class='ocr_line' id='line_1_3' title="bbox 185 491 1270 593; baseline -0.005 -23"><span class='ocrx_word' id='word_1_14' title='bbox 185 496 332 571; x_wconf 78' lang='lat' dir='ltr'><strong>illustres</strong></span> <span class='ocrx_word' id='word_1_15' title='bbox 353 513 385 568; x_wconf 92' lang='lat' dir='ltr'><strong>et</strong></span> <span class='ocrx_word' id='word_1_16' title='bbox 406 495 477 566; x_wconf 89' lang='lat' dir='ltr'><strong>noti</strong></span> <span class='ocrx_word' id='word_1_17' title='bbox 502 495 537 567; x_wconf 91' lang='lat' dir='ltr'><strong>in</strong></span> <span class='ocrx_word' id='word_1_18' title='bbox 563 495 649 567; x_wconf 89' lang='lat' dir='ltr'><strong>urbe</strong></span> <span class='ocrx_word' id='word_1_19' title='bbox 674 522 742 566; x_wconf 92' lang='lat' dir='ltr'><strong>non</strong></span> <span class='ocrx_word' id='word_1_20' title='bbox 769 493 877 567; x_wconf 89' lang='lat' dir='ltr'><strong>solum</strong></span> <span class='ocrx_word' id='word_1_21' title='bbox 906 491 997 593; x_wconf 83' lang='lat' dir='ltr'><strong>apud</strong></span> <span class='ocrx_word' id='word_1_22' title='bbox 1020 492 1216 589; x_wconf 80' lang='lat' dir='ltr'><strong>negotiosos</strong></span> <span class='ocrx_word' id='word_1_23' title='bbox 1239 508 1270 565; x_wconf 89' lang='lat' dir='ltr'><strong>et</strong></span> 
     </span>
     <span class='ocr_line' id='line_1_4' title="bbox 185 592 1269 693; baseline -0.004 -24"><span class='ocrx_word' id='word_1_24' title='bbox 185 595 289 669; x_wconf 87' lang='lat' dir='ltr'><strong>rebus</strong></span> <span class='ocrx_word' id='word_1_25' title='bbox 313 595 476 684; x_wconf 82' lang='lat' dir='ltr'><strong>intentos,</strong></span> <span class='ocrx_word' id='word_1_26' title='bbox 503 593 563 667; x_wconf 85' lang='lat' dir='ltr'><strong>sed</strong></span> <span class='ocrx_word' id='word_1_27' title='bbox 589 594 688 667; x_wconf 86' lang='lat' dir='ltr'><strong>etiam</strong></span> <span class='ocrx_word' id='word_1_28' title='bbox 708 592 799 693; x_wconf 91' lang='lat' dir='ltr'><strong>apud</strong></span> <span class='ocrx_word' id='word_1_29' title='bbox 816 592 951 665; x_wconf 90' lang='lat' dir='ltr'><strong>iuvenes</strong></span> <span class='ocrx_word' id='word_1_30' title='bbox 973 609 1006 664; x_wconf 93' lang='lat' dir='ltr'><strong>et</strong></span> <span class='ocrx_word' id='word_1_31' title='bbox 1029 592 1269 681; x_wconf 68' lang='lat' dir='ltr'><strong>adolescentes,</strong></span> 
     </span>
    </p>
   </div>
   <div class='ocr_carea' id='block_1_3' title="bbox 183 748 1270 1412">
    <p class='ocr_par' dir='ltr' id='par_1_3' title="bbox 183 748 1270 1412">
     <span class='ocr_line' id='line_1_5' title="bbox 185 748 1269 847; baseline -0.007 -20"><span class='ocrx_word' id='word_1_32' title='bbox 185 764 328 847; x_wconf 78' lang='lat' dir='ltr'><strong>sequendi</strong></span> <span class='ocrx_word' id='word_1_33' title='bbox 349 762 447 846; x_wconf 87' lang='lat' dir='ltr'><strong>(velut</strong></span> <span class='ocrx_word' id='word_1_34' title='bbox 468 784 533 823; x_wconf 87' lang='lat' dir='ltr'><strong>cum</strong></span> <span class='ocrx_word' id='word_1_35' title='bbox 555 783 662 837; x_wconf 72' lang='lat' dir='ltr'><strong>magno</strong></span> <span class='ocrx_word' id='word_1_36' title='bbox 681 763 814 843; x_wconf 86' lang='lat' dir='ltr'><strong>periculo</strong></span> <span class='ocrx_word' id='word_1_37' title='bbox 837 765 899 836; x_wconf 83' lang='lat' dir='ltr'><strong>ire,</strong></span> <span class='ocrx_word' id='word_1_38' title='bbox 928 781 994 820; x_wconf 86' lang='lat' dir='ltr'><strong>cum</strong></span> <span class='ocrx_word' id='word_1_39' title='bbox 1015 763 1142 820; x_wconf 77' lang='lat' dir='ltr'><strong>uictoria</strong></span> <span class='ocrx_word' id='word_1_40' title='bbox 1161 748 1269 835; x_wconf 65' lang='lat' dir='ltr'><strong>rediri,</strong></span> 
     </span>
     <span class='ocr_line' id='line_1_6' title="bbox 186 841 1269 924; baseline -0.006 -17"><span class='ocrx_word' id='word_1_41' title='bbox 186 864 253 907; x_wconf 86' lang='lat' dir='ltr'><strong>cum</strong></span> <span class='ocrx_word' id='word_1_42' title='bbox 275 848 406 907; x_wconf 87' lang='lat' dir='ltr'><strong>elamore</strong></span> <span class='ocrx_word' id='word_1_43' title='bbox 426 865 562 919; x_wconf 84' lang='lat' dir='ltr'><strong>currere,</strong></span> <span class='ocrx_word' id='word_1_44' title='bbox 585 865 651 903; x_wconf 89' lang='lat' dir='ltr'><strong>eum</strong></span> <span class='ocrx_word' id='word_1_45' title='bbox 672 844 823 903; x_wconf 83' lang='lat' dir='ltr'><strong>mandatis</strong></span> <span class='ocrx_word' id='word_1_46' title='bbox 835 841 966 924; x_wconf 83' lang='lat' dir='ltr'><strong>mittere)</strong></span> <span class='ocrx_word' id='word_1_47' title='bbox 988 862 1168 922; x_wconf 86' lang='lat' dir='ltr'><strong>quocunque</strong></span> <span class='ocrx_word' id='word_1_48' title='bbox 1182 842 1269 901; x_wconf 91' lang='lat' dir='ltr'><strong>modo</strong></span> 
     </span>
     <span class='ocr_line' id='line_1_7' title="bbox 185 920 1269 1023; baseline -0.006 -34"><span class='ocrx_word' id='word_1_49' title='bbox 185 947 334 989; x_wconf 83' lang='lat' dir='ltr'><strong>assumere</strong></span> <span class='ocrx_word' id='word_1_50' title='bbox 364 927 439 987; x_wconf 87' lang='lat' dir='ltr'><strong>dicat</strong></span> <span class='ocrx_word' id='word_1_51' title='bbox 466 924 715 1023; x_wconf 72' lang='lat' dir='ltr'><strong>praepositionem</strong></span> <span class='ocrx_word' id='word_1_52' title='bbox 747 946 830 998; x_wconf 84' lang='lat' dir='ltr'><strong>oum,</strong></span> <span class='ocrx_word' id='word_1_53' title='bbox 865 924 949 984; x_wconf 89' lang='lat' dir='ltr'><strong>cuius</strong></span> <span class='ocrx_word' id='word_1_54' title='bbox 983 923 1021 984; x_wconf 89' lang='lat' dir='ltr'><strong>sit</strong></span> <span class='ocrx_word' id='word_1_55' title='bbox 1047 922 1199 1004; x_wconf 84' lang='lat' dir='ltr'><strong>primitiva</strong></span> <span class='ocrx_word' id='word_1_56' title='bbox 1224 920 1269 983; x_wconf 80' lang='lat' dir='ltr'><strong>vis</strong></span> 
     </span>
     <span class='ocr_line' id='line_1_8' title="bbox 184 1004 1269 1081; baseline -0.005 -11"><span class='ocrx_word' id='word_1_57' title='bbox 184 1011 341 1071; x_wconf 76' lang='lat' dir='ltr'><strong>comitatus</strong></span> <span class='ocrx_word' id='word_1_58' title='bbox 363 1019 393 1067; x_wconf 87' lang='lat' dir='ltr'><strong>et</strong></span> <span class='ocrx_word' id='word_1_59' title='bbox 413 1007 581 1079; x_wconf 72' lang='lat' dir='ltr'><strong>scrutatis,</strong></span> <span class='ocrx_word' id='word_1_60' title='bbox 610 1006 694 1065; x_wconf 84' lang='lat' dir='ltr'><strong>etiam</strong></span> <span class='ocrx_word' id='word_1_61' title='bbox 716 1006 768 1066; x_wconf 90' lang='lat' dir='ltr'><strong>ubi</strong></span> <span class='ocrx_word' id='word_1_62' title='bbox 787 1006 1017 1065; x_wconf 84' lang='lat' dir='ltr'><strong>instrumentum</strong></span> <span class='ocrx_word' id='word_1_63' title='bbox 1040 1016 1070 1065; x_wconf 89' lang='lat' dir='ltr'><strong>et</strong></span> <span class='ocrx_word' id='word_1_64' title='bbox 1091 1022 1208 1081; x_wconf 76' lang='lat' dir='ltr'><strong>causam</strong></span> <span class='ocrx_word' id='word_1_65' title='bbox 1223 1004 1269 1065; x_wconf 88' lang='lat' dir='ltr'><strong>io-</strong></span> 
     </span>
     <span class='ocr_line' id='line_1_9' title="bbox 183 1084 1270 1171; baseline -0.003 -22"><span class='ocrx_word' id='word_1_66' title='bbox 183 1090 307 1171; x_wconf 81' lang='lat' dir='ltr'><strong>telligas.</strong></span> <span class='ocrx_word' id='word_1_67' title='bbox 351 1086 490 1148; x_wconf 81' lang='lat' dir='ltr'><strong>Ceterum</strong></span> <span class='ocrx_word' id='word_1_68' title='bbox 517 1087 665 1148; x_wconf 86' lang='lat' dir='ltr'><strong>Acidalius</strong></span> <span class='ocrx_word' id='word_1_69' title='bbox 694 1101 774 1147; x_wconf 90' lang='lat' dir='ltr'><strong>recte</strong></span> <span class='ocrx_word' id='word_1_70' title='bbox 803 1087 873 1147; x_wconf 86' lang='lat' dir='ltr'><strong>lraec</strong></span> <span class='ocrx_word' id='word_1_71' title='bbox 900 1086 990 1146; x_wconf 83' lang='lat' dir='ltr'><strong>verba</strong></span> <span class='ocrx_word' id='word_1_72' title='bbox 1017 1085 1136 1146; x_wconf 89' lang='lat' dir='ltr'><strong>rettulit</strong></span> <span class='ocrx_word' id='word_1_73' title='bbox 1159 1086 1195 1146; x_wconf 87' lang='lat' dir='ltr'><strong>ad</strong></span> <span class='ocrx_word' id='word_1_74' title='bbox 1215 1084 1270 1146; x_wconf 76' lang='lat' dir='ltr'><strong>lto-</strong></span> 
     </span>
     <span class='ocr_line' id='line_1_10' title="bbox 184 1166 1270 1251; baseline -0.005 -20"><span class='ocrx_word' id='word_1_75' title='bbox 184 1191 293 1231; x_wconf 85' lang='lat' dir='ltr'><strong>norum</strong></span> <span class='ocrx_word' id='word_1_76' title='bbox 313 1168 547 1251; x_wconf 84' lang='lat' dir='ltr'><strong>impetrationem</strong></span> <span class='ocrx_word' id='word_1_77' title='bbox 566 1190 621 1248; x_wconf 90' lang='lat' dir='ltr'><strong>per</strong></span> <span class='ocrx_word' id='word_1_78' title='bbox 640 1168 819 1251; x_wconf 80' lang='lat' dir='ltr'><strong>principem,</strong></span> <span class='ocrx_word' id='word_1_79' title='bbox 848 1189 999 1250; x_wconf 88' lang='lat' dir='ltr'><strong>perperam</strong></span> <span class='ocrx_word' id='word_1_80' title='bbox 1021 1166 1138 1227; x_wconf 84' lang='lat' dir='ltr'><strong>Schulz.</strong></span> <span class='ocrx_word' id='word_1_81' title='bbox 1167 1166 1270 1227; x_wconf 81' lang='lat' dir='ltr'><strong>adla-</strong></span> 
     </span>
     <span class='ocr_line' id='line_1_11' title="bbox 184 1249 1270 1334; baseline -0.003 -22"><span class='ocrx_word' id='word_1_82' title='bbox 184 1272 289 1312; x_wconf 81' lang='lat' dir='ltr'><strong>vorem</strong></span> <span class='ocrx_word' id='word_1_83' title='bbox 317 1263 455 1324; x_wconf 80' lang='lat' dir='ltr'><strong>senatus,</strong></span> <span class='ocrx_word' id='word_1_84' title='bbox 478 1249 660 1334; x_wconf 81' lang='lat' dir='ltr'><strong>&#39;dignitatem</strong></span> <span class='ocrx_word' id='word_1_85' title='bbox 690 1263 720 1310; x_wconf 86' lang='lat' dir='ltr'><strong>ot</strong></span> <span class='ocrx_word' id='word_1_86' title='bbox 753 1250 892 1331; x_wconf 88' lang='lat' dir='ltr'><strong>quaedam</strong></span> <span class='ocrx_word' id='word_1_87' title='bbox 919 1250 1068 1309; x_wconf 86' lang='lat' dir='ltr'><strong>honorum</strong></span> <span class='ocrx_word' id='word_1_88' title='bbox 1099 1260 1270 1310; x_wconf 84' lang='lat' dir='ltr'><strong>ornamenta</strong></span> 
     </span>
     <span class='ocr_line' id='line_1_12' title="bbox 183 1324 1255 1412; baseline -0.005 -20"><span class='ocrx_word' id='word_1_89' title='bbox 183 1332 362 1407; x_wconf 86' lang='lat' dir='ltr'><strong>tribuentis,</strong></span> <span class='ocrx_word' id='word_1_90' title='bbox 386 1354 459 1412; x_wconf 85' lang='lat' dir='ltr'><strong>quae</strong></span> <span class='ocrx_word' id='word_1_91' title='bbox 478 1344 542 1392; x_wconf 82' lang='lat' dir='ltr'><strong>tum</strong></span> <span class='ocrx_word' id='word_1_92' title='bbox 565 1330 646 1391; x_wconf 91' lang='lat' dir='ltr'><strong>solus</strong></span> <span class='ocrx_word' id='word_1_93' title='bbox 666 1332 802 1412; x_wconf 88' lang='lat' dir='ltr'><strong>princeps</strong></span> <span class='ocrx_word' id='word_1_94' title='bbox 826 1330 918 1390; x_wconf 87' lang='lat' dir='ltr'><strong>dabat.</strong></span> <span class='ocrx_word' id='word_1_95' title='bbox 1241 1324 1255 1345; x_wconf 78' lang='grc'><strong>““</strong></span> 
     </span>
    </p>
   </div>
   <div class='ocr_carea' id='block_1_4' title="bbox 178 1431 1272 2818">
    <p class='ocr_par' dir='ltr' id='par_1_4' title="bbox 178 1431 1272 2818">
     <span class='ocr_line' id='line_1_13' title="bbox 266 1431 1269 1516; baseline -0.002 -21"><span class='ocrx_word' id='word_1_96' title='bbox 266 1436 349 1516; x_wconf 82' lang='lat' dir='ltr'><strong>Quid</strong></span> <span class='ocrx_word' id='word_1_97' title='bbox 364 1433 457 1514; x_wconf 78' lang='lat' dir='ltr'><strong>sarira</strong></span> <span class='ocrx_word' id='word_1_98' title='bbox 484 1445 514 1495; x_wconf 86' lang='lat' dir='ltr'><strong>et</strong></span> <span class='ocrx_word' id='word_1_99' title='bbox 539 1436 606 1494; x_wconf 90' lang='lat' dir='ltr'><strong>laus</strong></span> <span class='ocrx_word' id='word_1_100' title='bbox 634 1438 716 1493; x_wconf 86' lang='lat' dir='ltr'><strong>cuias</strong></span> <span class='ocrx_word' id='word_1_101' title='bbox 742 1431 836 1515; x_wconf 89' lang='lat' dir='ltr'><strong>artis]</strong></span> <span class='ocrx_word' id='word_1_102' title='bbox 873 1432 967 1495; x_wconf 90' lang='lat' dir='ltr'><strong>Codd.</strong></span> <span class='ocrx_word' id='word_1_103' title='bbox 986 1437 1071 1496; x_wconf 81' lang='lat' dir='ltr'><strong>Farn.</strong></span> <span class='ocrx_word' id='word_1_104' title='bbox 1095 1434 1162 1493; x_wconf 80' lang='lat' dir='ltr'><strong>Par.</strong></span> <span class='ocrx_word' id='word_1_105' title='bbox 1183 1432 1269 1493; x_wconf 84' lang='lat' dir='ltr'><strong>Vind</strong></span> 
     </span>
     <span class='ocr_line' id='line_1_14' title="bbox 184 1514 1269 1598; baseline -0.003 -20"><span class='ocrx_word' id='word_1_106' title='bbox 184 1529 257 1579; x_wconf 84' lang='lat' dir='ltr'><strong>vett.</strong></span> <span class='ocrx_word' id='word_1_107' title='bbox 277 1518 351 1577; x_wconf 88' lang='lat' dir='ltr'><strong>Edd.</strong></span> <span class='ocrx_word' id='word_1_108' title='bbox 379 1517 452 1598; x_wconf 88' lang='lat' dir='ltr'><strong>(nisi</strong></span> <span class='ocrx_word' id='word_1_109' title='bbox 474 1516 553 1596; x_wconf 92' lang='lat' dir='ltr'><strong>quod</strong></span> <span class='ocrx_word' id='word_1_110' title='bbox 574 1537 628 1596; x_wconf 90' lang='lat' dir='ltr'><strong>pro</strong></span> <span class='ocrx_word' id='word_1_111' title='bbox 658 1519 782 1587; x_wconf 71' lang='lat' dir='ltr'><strong>cuiusuis</strong></span> <span class='ocrx_word' id='word_1_112' title='bbox 804 1515 939 1575; x_wconf 85' lang='lat' dir='ltr'><strong>Beroald.</strong></span> <span class='ocrx_word' id='word_1_113' title='bbox 962 1527 992 1576; x_wconf 90' lang='lat' dir='ltr'><strong>et</strong></span> <span class='ocrx_word' id='word_1_114' title='bbox 1017 1538 1098 1596; x_wconf 83' lang='lat' dir='ltr'><strong>seqq.</strong></span> <span class='ocrx_word' id='word_1_115' title='bbox 1120 1538 1136 1575; x_wconf 87' lang='lat' dir='ltr'><strong>a</strong></span> <span class='ocrx_word' id='word_1_116' title='bbox 1156 1514 1269 1575; x_wconf 82' lang='lat' dir='ltr'><strong>Dronk.</strong></span> 
     </span>
     <span class='ocr_line' id='line_1_15' title="bbox 185 1595 1270 1679; baseline -0.004 -18"><span class='ocrx_word' id='word_1_117' title='bbox 185 1599 303 1661; x_wconf 89' lang='lat' dir='ltr'><strong>demum</strong></span> <span class='ocrx_word' id='word_1_118' title='bbox 326 1601 408 1657; x_wconf 84' lang='lat' dir='ltr'><strong>euius</strong></span> <span class='ocrx_word' id='word_1_119' title='bbox 437 1608 482 1657; x_wconf 90' lang='lat' dir='ltr'><strong>est</strong></span> <span class='ocrx_word' id='word_1_120' title='bbox 504 1595 689 1679; x_wconf 86' lang='lat' dir='ltr'><strong>restitutum)</strong></span> <span class='ocrx_word' id='word_1_121' title='bbox 720 1609 750 1657; x_wconf 87' lang='lat' dir='ltr'><strong>et</strong></span> <span class='ocrx_word' id='word_1_122' title='bbox 777 1608 901 1657; x_wconf 89' lang='lat' dir='ltr'><strong>reeentt.</strong></span> <span class='ocrx_word' id='word_1_123' title='bbox 930 1619 946 1657; x_wconf 93' lang='lat' dir='ltr'><strong>e</strong></span> <span class='ocrx_word' id='word_1_124' title='bbox 975 1597 1083 1677; x_wconf 88' lang='lat' dir='ltr'><strong>quibus</strong></span> <span class='ocrx_word' id='word_1_125' title='bbox 1104 1596 1221 1657; x_wconf 85' lang='lat' dir='ltr'><strong>Dronk.</strong></span> <span class='ocrx_word' id='word_1_126' title='bbox 1241 1608 1270 1657; x_wconf 85' lang='lat' dir='ltr'><strong>et</strong></span> 
     </span>
     <span class='ocr_line' id='line_1_16' title="bbox 180 1676 1270 1761; baseline -0.004 -18"><span class='ocrx_word' id='word_1_127' title='bbox 180 1680 313 1743; x_wconf 73' lang='lat' dir='ltr'><strong>¹Osann:</strong></span> <span class='ocrx_word' id='word_1_128' title='bbox 344 1679 448 1761; x_wconf 80' lang='lat' dir='ltr'><strong>Quid?</strong></span> <span class='ocrx_word' id='word_1_129' title='bbox 465 1676 557 1758; x_wconf 87' lang='lat' dir='ltr'><strong>fama</strong></span> <span class='ocrx_word' id='word_1_130' title='bbox 578 1680 702 1737; x_wconf 80' lang='lat' dir='ltr'><strong>atlans.</strong></span> <span class='ocrx_word' id='word_1_131' title='bbox 740 1679 766 1737; x_wconf 82' lang='lat' dir='ltr'>E</span> <span class='ocrx_word' id='word_1_132' title='bbox 790 1678 958 1739; x_wconf 87' lang='lat' dir='ltr'><strong>coniectura</strong></span> <span class='ocrx_word' id='word_1_133' title='bbox 973 1680 1060 1760; x_wconf 78' lang='lat' dir='ltr'><strong>lips.</strong></span> <span class='ocrx_word' id='word_1_134' title='bbox 1081 1699 1161 1761; x_wconf 89' lang='lat' dir='ltr'><strong>quae</strong></span> <span class='ocrx_word' id='word_1_135' title='bbox 1179 1678 1270 1759; x_wconf 73' lang='lat' dir='ltr'><strong>firma</strong></span> 
     </span>
     <span class='ocr_line' id='line_1_17' title="bbox 183 1758 1269 1845; baseline -0.001 -25"><span class='ocrx_word' id='word_1_136' title='bbox 183 1760 341 1845; x_wconf 86' lang='lat' dir='ltr'><strong>pleraeque</strong></span> <span class='ocrx_word' id='word_1_137' title='bbox 363 1761 457 1835; x_wconf 75' lang='lat' dir='ltr'><strong>End,</strong></span> <span class='ocrx_word' id='word_1_138' title='bbox 478 1761 557 1819; x_wconf 93' lang='lat' dir='ltr'><strong>unde</strong></span> <span class='ocrx_word' id='word_1_139' title='bbox 578 1759 704 1820; x_wconf 85' lang='lat' dir='ltr'><strong>Seebod.</strong></span> <span class='ocrx_word' id='word_1_140' title='bbox 748 1759 851 1839; x_wconf 80' lang='lat' dir='ltr'><strong>Quid?</strong></span> <span class='ocrx_word' id='word_1_141' title='bbox 879 1781 955 1838; x_wconf 83' lang='lat' dir='ltr'><strong>quae</strong></span> <span class='ocrx_word' id='word_1_142' title='bbox 966 1758 1059 1838; x_wconf 79' lang='lat' dir='ltr'><strong>firma</strong></span> <span class='ocrx_word' id='word_1_143' title='bbox 1080 1771 1108 1819; x_wconf 82' lang='lat' dir='ltr'><strong>et</strong></span> <span class='ocrx_word' id='word_1_144' title='bbox 1129 1761 1197 1819; x_wconf 86' lang='lat' dir='ltr'><strong>laus</strong></span> <span class='ocrx_word' id='word_1_145' title='bbox 1219 1758 1269 1837; x_wconf 64' lang='lat' dir='ltr'><strong>ou}</strong></span> 
     </span>
     <span class='ocr_line' id='line_1_18' title="bbox 183 1840 1270 1923; baseline -0.003 -19"><span class='ocrx_word' id='word_1_146' title='bbox 183 1846 281 1904; x_wconf 75' lang='lat' dir='ltr'><strong>tusas.</strong></span> <span class='ocrx_word' id='word_1_147' title='bbox 330 1840 509 1902; x_wconf 89' lang='lat' dir='ltr'><strong>Coniunctio</strong></span> <span class='ocrx_word' id='word_1_148' title='bbox 538 1842 660 1900; x_wconf 89' lang='lat' dir='ltr'><strong>duarum</strong></span> <span class='ocrx_word' id='word_1_149' title='bbox 686 1840 952 1923; x_wconf 81' lang='lat' dir='ltr'><strong>interrogationum</strong></span> <span class='ocrx_word' id='word_1_150' title='bbox 986 1841 1015 1899; x_wconf 91' lang='lat' dir='ltr'><strong>in</strong></span> <span class='ocrx_word' id='word_1_151' title='bbox 1045 1863 1104 1901; x_wconf 90' lang='lat' dir='ltr'><strong>una</strong></span> <span class='ocrx_word' id='word_1_152' title='bbox 1132 1842 1270 1902; x_wconf 83' lang='lat' dir='ltr'><strong>enuncia-</strong></span> 
     </span>
     <span class='ocr_line' id='line_1_19' title="bbox 183 1920 1272 2005; baseline -0.002 -20"><span class='ocrx_word' id='word_1_153' title='bbox 183 1924 269 1985; x_wconf 84' lang='lat' dir='ltr'><strong>tione</strong></span> <span class='ocrx_word' id='word_1_154' title='bbox 297 1923 417 2005; x_wconf 85' lang='lat' dir='ltr'><strong>optimis</strong></span> <span class='ocrx_word' id='word_1_155' title='bbox 448 1922 643 2002; x_wconf 89' lang='lat' dir='ltr'><strong>scriptoribus</strong></span> <span class='ocrx_word' id='word_1_156' title='bbox 665 1921 771 1981; x_wconf 87' lang='lat' dir='ltr'><strong>usitata</strong></span> <span class='ocrx_word' id='word_1_157' title='bbox 799 1934 853 1982; x_wconf 88' lang='lat' dir='ltr'><strong>est.</strong></span> <span class='ocrx_word' id='word_1_158' title='bbox 896 1920 957 1983; x_wconf 89' lang='lat' dir='ltr'><strong>Cic.</strong></span> <span class='ocrx_word' id='word_1_159' title='bbox 980 1922 1041 1981; x_wconf 79' lang='lat' dir='ltr'><strong>Oli.</strong></span> <span class='ocrx_word' id='word_1_160' title='bbox 1061 1924 1099 1994; x_wconf 83' lang='lat' dir='ltr'><strong>ll,</strong></span> <span class='ocrx_word' id='word_1_161' title='bbox 1121 1928 1149 1981; x_wconf 87' lang='grc'><strong>7.</strong></span> <span class='ocrx_word' id='word_1_162' title='bbox 1191 1922 1272 2003; x_wconf 83' lang='lat' dir='ltr'><strong>Quid</strong></span> 
     </span>
     <span class='ocr_line' id='line_1_20' title="bbox 181 2000 1272 2086; baseline -0.003 -21"><span class='ocrx_word' id='word_1_163' title='bbox 181 2006 285 2065; x_wconf 73' lang='lat' dir='ltr'><strong>&#39;censes</strong></span> <span class='ocrx_word' id='word_1_164' title='bbox 305 2008 484 2085; x_wconf 85' lang='lat' dir='ltr'><strong>superiorem</strong></span> <span class='ocrx_word' id='word_1_165' title='bbox 506 2004 587 2061; x_wconf 89' lang='lat' dir='ltr'><strong>illum</strong></span> <span class='ocrx_word' id='word_1_166' title='bbox 612 2000 783 2086; x_wconf 73' lang='lat' dir='ltr'><strong>Dionysium</strong></span> <span class='ocrx_word' id='word_1_167' title='bbox 812 2025 869 2085; x_wconf 79' lang='lat' dir='ltr'><strong>quo</strong></span> <span class='ocrx_word' id='word_1_168' title='bbox 902 2008 1036 2063; x_wconf 82' lang='lat' dir='ltr'><strong>arueiatu</strong></span> <span class='ocrx_word' id='word_1_169' title='bbox 1064 2006 1182 2063; x_wconf 82' lang='lat' dir='ltr'><strong>timoris</strong></span> <span class='ocrx_word' id='word_1_170' title='bbox 1199 2008 1272 2081; x_wconf 67' lang='lat' dir='ltr'><strong>angi</strong></span> 
     </span>
     <span class='ocr_line' id='line_1_21' title="bbox 182 2084 1269 2162; baseline -0.002 -15"><span class='ocrx_word' id='word_1_171' title='bbox 182 2087 319 2158; x_wconf 84' lang='lat' dir='ltr'><strong>solitam,</strong></span> <span class='ocrx_word' id='word_1_172' title='bbox 350 2089 401 2162; x_wconf 80' lang='lat' dir='ltr'><strong>qui</strong></span> <span class='ocrx_word' id='word_1_173' title='bbox 423 2086 533 2143; x_wconf 86' lang='lat' dir='ltr'><strong>cultros</strong></span> <span class='ocrx_word' id='word_1_174' title='bbox 555 2096 685 2143; x_wconf 79' lang='lat' dir='ltr'><strong>metuens</strong></span> <span class='ocrx_word' id='word_1_175' title='bbox 712 2088 857 2143; x_wconf 80' lang='lat' dir='ltr'><strong>tonsorios</strong></span> <span class='ocrx_word' id='word_1_176' title='bbox 879 2086 1022 2143; x_wconf 82' lang='lat' dir='ltr'><strong>candente</strong></span> <span class='ocrx_word' id='word_1_177' title='bbox 1044 2084 1174 2145; x_wconf 75' lang='lat' dir='ltr'><strong>carbone</strong></span> <span class='ocrx_word' id='word_1_178' title='bbox 1194 2086 1269 2147; x_wconf 89' lang='lat' dir='ltr'><strong>ada·</strong></span> 
     </span>
     <span class='ocr_line' id='line_1_22' title="bbox 184 2164 1270 2248; baseline -0.001 -20"><span class='ocrx_word' id='word_1_179' title='bbox 184 2167 270 2228; x_wconf 79' lang='lat' dir='ltr'><strong>rodat</strong></span> <span class='ocrx_word' id='word_1_180' title='bbox 287 2167 450 2247; x_wconf 83' lang='lat' dir='ltr'><strong>capillum?</strong></span> <span class='ocrx_word' id='word_1_181' title='bbox 471 2166 552 2248; x_wconf 83' lang='lat' dir='ltr'><strong>Quid</strong></span> <span class='ocrx_word' id='word_1_182' title='bbox 565 2165 772 2226; x_wconf 73' lang='lat' dir='ltr'><strong>Alexandrum</strong></span> <span class='ocrx_word' id='word_1_183' title='bbox 785 2164 955 2243; x_wconf 76' lang='lat' dir='ltr'><strong>Pheraeum</strong></span> <span class='ocrx_word' id='word_1_184' title='bbox 973 2187 1028 2246; x_wconf 85' lang='lat' dir='ltr'><strong>quo</strong></span> <span class='ocrx_word' id='word_1_185' title='bbox 1045 2170 1145 2226; x_wconf 89' lang='lat' dir='ltr'><strong>animo</strong></span> <span class='ocrx_word' id='word_1_186' title='bbox 1164 2170 1270 2227; x_wconf 78' lang='lat' dir='ltr'><strong>vixisse</strong></span> 
     </span>
     <span class='ocr_line' id='line_1_23' title="bbox 183 2246 1269 2328; baseline 0.001 -20"><span class='ocrx_word' id='word_1_187' title='bbox 183 2249 393 2310; x_wconf 80' lang='lat' dir='ltr'><strong>arbitramur?</strong></span> <span class='ocrx_word' id='word_1_188' title='bbox 412 2247 481 2327; x_wconf 87' lang='lat' dir='ltr'><strong>ibiq.</strong></span> <span class='ocrx_word' id='word_1_189' title='bbox 501 2248 597 2307; x_wconf 87' lang='lat' dir='ltr'><strong>Beier.</strong></span> <span class='ocrx_word' id='word_1_190' title='bbox 619 2270 647 2328; x_wconf 92' lang='lat' dir='ltr'><strong>p.</strong></span> <span class='ocrx_word' id='word_1_191' title='bbox 664 2250 754 2305; x_wconf 82' lang='lat' dir='ltr'><strong>Rosa.</strong></span> <span class='ocrx_word' id='word_1_192' title='bbox 773 2246 871 2306; x_wconf 83' lang='lat' dir='ltr'><strong>Amer.</strong></span> <span class='ocrx_word' id='word_1_193' title='bbox 891 2252 937 2307; x_wconf 89' lang='lat'><strong>17.</strong></span> <span class='ocrx_word' id='word_1_194' title='bbox 981 2247 1063 2328; x_wconf 82' lang='lat' dir='ltr'><strong>Quid</strong></span> <span class='ocrx_word' id='word_1_195' title='bbox 1078 2268 1178 2307; x_wconf 82' lang='lat' dir='ltr'><strong>censes</strong></span> <span class='ocrx_word' id='word_1_196' title='bbox 1194 2250 1269 2321; x_wconf 64' lang='lat' dir='ltr'><strong>leuno</strong></span> 
     </span>
     <span class='ocr_line' id='line_1_24' title="bbox 183 2328 1270 2413; baseline -0.001 -23"><span class='ocrx_word' id='word_1_197' title='bbox 183 2333 278 2413; x_wconf 85' lang='lat' dir='ltr'><strong>ipsum</strong></span> <span class='ocrx_word' id='word_1_198' title='bbox 298 2330 381 2388; x_wconf 79' lang='lat' dir='ltr'><strong>Sext.</strong></span> <span class='ocrx_word' id='word_1_199' title='bbox 404 2331 544 2389; x_wconf 86' lang='lat' dir='ltr'><strong>Roscium</strong></span> <span class='ocrx_word' id='word_1_200' title='bbox 574 2350 630 2409; x_wconf 86' lang='lat' dir='ltr'><strong>quo</strong></span> <span class='ocrx_word' id='word_1_201' title='bbox 657 2328 754 2386; x_wconf 88' lang='lat' dir='ltr'><strong>studio</strong></span> <span class='ocrx_word' id='word_1_202' title='bbox 784 2338 813 2386; x_wconf 83' lang='lat' dir='ltr'><strong>et</strong></span> <span class='ocrx_word' id='word_1_203' title='bbox 841 2349 908 2407; x_wconf 57' lang='lat' dir='ltr'><strong>pua&gt;</strong></span> <span class='ocrx_word' id='word_1_204' title='bbox 928 2331 1122 2403; x_wconf 74' lang='lat' dir='ltr'><strong>intelligentia</strong></span> <span class='ocrx_word' id='word_1_205' title='bbox 1150 2350 1214 2389; x_wconf 86' lang='lat' dir='ltr'><strong>esse</strong></span> <span class='ocrx_word' id='word_1_206' title='bbox 1238 2332 1270 2389; x_wconf 90' lang='lat' dir='ltr'><strong>in</strong></span> 
     </span>
     <span class='ocr_line' id='line_1_25' title="bbox 184 2404 1270 2492; baseline -0.001 -20"><span class='ocrx_word' id='word_1_207' title='bbox 184 2414 303 2473; x_wconf 74' lang='lat' dir='ltr'><strong>rusticis</strong></span> <span class='ocrx_word' id='word_1_208' title='bbox 324 2410 435 2471; x_wconf 74' lang='lat' dir='ltr'><strong>rebus?</strong></span> <span class='ocrx_word' id='word_1_209' title='bbox 455 2416 504 2470; x_wconf 83' lang='lat'><strong>33.</strong></span> <span class='ocrx_word' id='word_1_210' title='bbox 539 2409 621 2490; x_wconf 85' lang='lat' dir='ltr'><strong>Quid</strong></span> <span class='ocrx_word' id='word_1_211' title='bbox 640 2429 677 2467; x_wconf 90' lang='lat' dir='ltr'><strong>ea</strong></span> <span class='ocrx_word' id='word_1_212' title='bbox 698 2409 853 2468; x_wconf 81' lang='lat' dir='ltr'><strong>multitudo</strong></span> <span class='ocrx_word' id='word_1_213' title='bbox 877 2431 953 2492; x_wconf 86' lang='lat' dir='ltr'><strong>quae</strong></span> <span class='ocrx_word' id='word_1_214' title='bbox 973 2410 1064 2469; x_wconf 85' lang='lat' dir='ltr'><strong>erat?</strong></span> <span class='ocrx_word' id='word_1_215' title='bbox 1090 2404 1270 2471; x_wconf 76' lang='lat' dir='ltr'><strong>Ramslrorri.</strong></span> 
     </span>
     <span class='ocr_line' id='line_1_26' title="bbox 184 2490 1269 2561; baseline 0.001 -9"><span class='ocrx_word' id='word_1_216' title='bbox 184 2492 239 2553; x_wconf 88' lang='lat' dir='ltr'><strong>Gr.</strong></span> <span class='ocrx_word' id='word_1_217' title='bbox 280 2535 287 2549; x_wconf 91' lang='lat'><strong>.</strong></span> <span class='ocrx_word' id='word_1_218' title='bbox 311 2495 378 2552; x_wconf 90' lang='grc'><strong>174.</strong></span> <span class='ocrx_word' id='word_1_219' title='bbox 402 2493 423 2550; x_wconf 88' lang='grc' dir='ltr'><strong>Ι.</strong></span> <span class='ocrx_word' id='word_1_220' title='bbox 445 2491 516 2551; x_wconf 90' lang='lat' dir='ltr'><strong>Not.</strong></span> <span class='ocrx_word' id='word_1_221' title='bbox 541 2498 569 2551; x_wconf 89' lang='lat'><strong>6.</strong></span> <span class='ocrx_word' id='word_1_222' title='bbox 610 2491 657 2550; x_wconf 85' lang='lat' dir='ltr'><strong>De</strong></span> <span class='ocrx_word' id='word_1_223' title='bbox 677 2490 860 2551; x_wconf 85' lang='lat' dir='ltr'><strong>Graecorum</strong></span> <span class='ocrx_word' id='word_1_224' title='bbox 881 2491 1095 2551; x_wconf 86' lang='lat' dir='ltr'><strong>consuetudine</strong></span> <span class='ocrx_word' id='word_1_225' title='bbox 1113 2490 1149 2552; x_wconf 82' lang='lat' dir='ltr'><strong>cl.</strong></span> <span class='ocrx_word' id='word_1_226' title='bbox 1165 2490 1269 2561; x_wconf 78' lang='lat' dir='ltr'><strong>lllattlr.</strong></span> 
     </span>
     <span class='ocr_line' id='line_1_27' title="bbox 183 2560 1270 2654; baseline 0.001 -20"><span class='ocrx_word' id='word_1_227' title='bbox 183 2575 288 2635; x_wconf 86' lang='lat' dir='ltr'><strong>Gr.</strong></span> <span class='ocrx_word' id='word_1_228' title='bbox 309 2579 377 2632; x_wconf 84' lang='grc'><strong>630.</strong></span> <span class='ocrx_word' id='word_1_229' title='bbox 402 2579 427 2632; x_wconf 85' lang='lat'><strong>1.</strong></span> <span class='ocrx_word' id='word_1_230' title='bbox 446 2572 561 2632; x_wconf 87' lang='lat' dir='ltr'><strong>Platon.</strong></span> <span class='ocrx_word' id='word_1_231' title='bbox 582 2572 672 2654; x_wconf 82' lang='lat' dir='ltr'><strong>Legg.</strong></span> <span class='ocrx_word' id='word_1_232' title='bbox 695 2574 744 2631; x_wconf 94' lang='lat' dir='ltr'><strong>lV.</strong></span> <span class='ocrx_word' id='word_1_233' title='bbox 765 2577 792 2653; x_wconf 75' lang='lat' dir='ltr'><strong>p.</strong></span> <span class='ocrx_word' id='word_1_234' title='bbox 815 2576 883 2632; x_wconf 89' lang='grc'><strong>704.</strong></span> <span class='ocrx_word' id='word_1_235' title='bbox 907 2570 940 2634; x_wconf 88' lang='lat' dir='ltr'><strong>C.</strong></span> <span class='ocrx_word' id='word_1_236' title='bbox 984 2576 1055 2632; x_wconf 77' lang='lat' dir='ltr'><strong>Tid&#39;</strong></span> <span class='ocrx_word' id='word_1_237' title='bbox 1071 2560 1108 2633; x_wconf 82' lang='lat' dir='ltr'><strong>ud</strong></span> <span class='ocrx_word' id='word_1_238' title='bbox 1123 2558 1270 2653; x_wconf 67' lang='lat' dir='ltr'><strong>¹nsd&#39;a&#39;u&#39;rir</strong></span> 
     </span>
     <span class='ocr_line' id='line_1_28' title="bbox 182 2655 1269 2735; baseline 0.001 -21"><span class='ocrx_word' id='word_1_239' title='bbox 182 2658 227 2719; x_wconf 74' lang='lat' dir='ltr'><strong>alut</strong></span> <span class='ocrx_word' id='word_1_240' title='bbox 249 2659 316 2733; x_wconf 70' lang='grc' dir='ltr'><strong>ὀρῶν</strong></span> <span class='ocrx_word' id='word_1_241' title='bbox 342 2667 387 2714; x_wconf 76' lang='lat' dir='ltr'><strong>sat</strong></span> <span class='ocrx_word' id='word_1_242' title='bbox 411 2655 477 2726; x_wconf 77' lang='grc' dir='ltr'><strong>ὕλης</strong></span> <span class='ocrx_word' id='word_1_243' title='bbox 503 2658 558 2722; x_wconf 72' lang='grc' dir='ltr'><strong>πῶς</strong></span> <span class='ocrx_word' id='word_1_244' title='bbox 583 2661 664 2730; x_wconf 74' lang='grc' dir='ltr'><strong><em>μέρος</em></strong></span> <span class='ocrx_word' id='word_1_245' title='bbox 690 2660 801 2722; x_wconf 70' lang='grc' dir='ltr'><strong><em>ἕκαστος</em></strong></span> <span class='ocrx_word' id='word_1_246' title='bbox 828 2655 901 2729; x_wconf 67' lang='grc' dir='ltr'><strong>ἡμῶν</strong></span> <span class='ocrx_word' id='word_1_247' title='bbox 927 2660 1036 2725; x_wconf 75' lang='grc' dir='ltr'><strong><em>εἴληχες</em></strong></span> <span class='ocrx_word' id='word_1_248' title='bbox 1066 2675 1153 2735; x_wconf 80' lang='lat' dir='ltr'><strong>quam</strong></span> <span class='ocrx_word' id='word_1_249' title='bbox 1183 2676 1269 2715; x_wconf 78' lang='lat' dir='ltr'><strong>unam</strong></span> 
     </span>
     <span class='ocr_line' id='line_1_29' title="bbox 178 2728 1253 2818; baseline -0.002 -21"><span class='ocrx_word' id='word_1_250' title='bbox 178 2734 445 2818; x_wconf 80' lang='lat' dir='ltr'><strong>interrogationem</strong></span> <span class='ocrx_word' id='word_1_251' title='bbox 465 2734 569 2794; x_wconf 82' lang='lat' dir='ltr'><strong>Matth.</strong></span> <span class='ocrx_word' id='word_1_252' title='bbox 589 2755 650 2793; x_wconf 90' lang='lat' dir='ltr'><strong>uon</strong></span> <span class='ocrx_word' id='word_1_253' title='bbox 672 2746 752 2794; x_wconf 91' lang='lat' dir='ltr'><strong>recte</strong></span> <span class='ocrx_word' id='word_1_254' title='bbox 774 2733 805 2793; x_wconf 90' lang='lat' dir='ltr'><strong>in</strong></span> <span class='ocrx_word' id='word_1_255' title='bbox 828 2735 898 2794; x_wconf 86' lang='lat' dir='ltr'><strong>duas</strong></span> <span class='ocrx_word' id='word_1_256' title='bbox 918 2735 1060 2795; x_wconf 80' lang='lat' dir='ltr'><strong>distinxit.</strong></span> <span class='ocrx_word' id='word_1_257' title='bbox 1096 2774 1100 2780; x_wconf 50' lang='grc' dir='ltr'><strong><em>ι</em></strong></span> <span class='ocrx_word' id='word_1_258' title='bbox 1226 2728 1253 2751; x_wconf 62' lang='grc'><strong>“’</strong></span> 
     </span>
    </p>
   </div>
   <div class='ocr_carea' id='block_1_5' title="bbox 179 2824 1313 4137">
    <p class='ocr_par' dir='ltr' id='par_1_5' title="bbox 179 2824 1313 4137">
     <span class='ocr_line' id='line_1_30' title="bbox 265 2824 1270 2920; baseline 0.005 -24"><span class='ocrx_word' id='word_1_259' title='bbox 265 2843 317 2920; x_wconf 84' lang='lat' dir='ltr'><strong>qui</strong></span> <span class='ocrx_word' id='word_1_260' title='bbox 336 2841 465 2898; x_wconf 86' lang='lat' dir='ltr'><strong>illustres</strong></span> <span class='ocrx_word' id='word_1_261' title='bbox 485 2845 515 2894; x_wconf 88' lang='lat' dir='ltr'><strong>et</strong></span> <span class='ocrx_word' id='word_1_262' title='bbox 534 2824 599 2895; x_wconf 77' lang='lat' dir='ltr'><strong>noti</strong></span> <span class='ocrx_word' id='word_1_263' title='bbox 614 2840 646 2895; x_wconf 87' lang='lat' dir='ltr'><strong>in</strong></span> <span class='ocrx_word' id='word_1_264' title='bbox 667 2837 738 2897; x_wconf 83' lang='lat' dir='ltr'><strong>urbe</strong></span> <span class='ocrx_word' id='word_1_265' title='bbox 758 2859 816 2896; x_wconf 92' lang='lat' dir='ltr'><strong>non</strong></span> <span class='ocrx_word' id='word_1_266' title='bbox 835 2838 930 2897; x_wconf 86' lang='lat' dir='ltr'><strong>solum</strong></span> <span class='ocrx_word' id='word_1_267' title='bbox 951 2838 1034 2918; x_wconf 86' lang='lat' dir='ltr'><strong>apud</strong></span> <span class='ocrx_word' id='word_1_268' title='bbox 1052 2843 1270 2914; x_wconf 54' lang='lat' dir='ltr'><strong>negotiosos&amp;</strong></span> 
     </span>
     <span class='ocr_line' id='line_1_31' title="bbox 181 2917 1270 2999; baseline 0.001 -18"><span class='ocrx_word' id='word_1_269' title='bbox 181 2919 269 2981; x_wconf 79' lang='lat' dir='ltr'><strong>rodas</strong></span> <span class='ocrx_word' id='word_1_270' title='bbox 287 2921 422 2997; x_wconf 82' lang='lat' dir='ltr'><strong>intentos]</strong></span> <span class='ocrx_word' id='word_1_271' title='bbox 449 2919 543 2995; x_wconf 72' lang='lat' dir='ltr'><strong>&#39;lanta</strong></span> <span class='ocrx_word' id='word_1_272' title='bbox 571 2929 617 2976; x_wconf 88' lang='lat' dir='ltr'><strong>est</strong></span> <span class='ocrx_word' id='word_1_273' title='bbox 637 2917 798 2991; x_wconf 82' lang='lat' dir='ltr'><strong>lectionum</strong></span> <span class='ocrx_word' id='word_1_274' title='bbox 820 2919 1014 2999; x_wconf 88' lang='lat' dir='ltr'><strong>discrepantia</strong></span> <span class='ocrx_word' id='word_1_275' title='bbox 1042 2919 1071 2978; x_wconf 91' lang='lat' dir='ltr'><strong>in</strong></span> <span class='ocrx_word' id='word_1_276' title='bbox 1092 2919 1208 2995; x_wconf 77' lang='lat' dir='ltr'><strong>codo..</strong></span> <span class='ocrx_word' id='word_1_277' title='bbox 1235 2932 1270 2991; x_wconf 73' lang='lat' dir='ltr'><strong>‚ut</strong></span> 
     </span>
     <span class='ocr_line' id='line_1_32' title="bbox 180 2997 1269 3082; baseline 0.004 -20"><span class='ocrx_word' id='word_1_278' title='bbox 180 3000 250 3063; x_wconf 87' lang='lat' dir='ltr'><strong>iude</strong></span> <span class='ocrx_word' id='word_1_279' title='bbox 272 3022 370 3062; x_wconf 83' lang='lat' dir='ltr'><strong>veram</strong></span> <span class='ocrx_word' id='word_1_280' title='bbox 390 3001 457 3061; x_wconf 85' lang='lat' dir='ltr'><strong>lert.</strong></span> <span class='ocrx_word' id='word_1_281' title='bbox 479 2997 621 3080; x_wconf 81' lang='lat' dir='ltr'><strong>effingere</strong></span> <span class='ocrx_word' id='word_1_282' title='bbox 648 2999 724 3063; x_wconf 87' lang='lat' dir='ltr'><strong>nulli</strong></span> <span class='ocrx_word' id='word_1_283' title='bbox 744 3000 839 3061; x_wconf 87' lang='lat' dir='ltr'><strong>adhuc</strong></span> <span class='ocrx_word' id='word_1_284' title='bbox 858 2999 964 3059; x_wconf 87' lang='lat' dir='ltr'><strong>editori</strong></span> <span class='ocrx_word' id='word_1_285' title='bbox 984 3000 1152 3082; x_wconf 82' lang='lat' dir='ltr'><strong>contigerit.</strong></span> <span class='ocrx_word' id='word_1_286' title='bbox 1195 3001 1269 3065; x_wconf 75' lang='lat' dir='ltr'><strong>cot</strong></span> 
     </span>
     <span class='ocr_line' id='line_1_33' title="bbox 181 3081 1270 3162; baseline 0 -19"><span class='ocrx_word' id='word_1_287' title='bbox 181 3082 267 3143; x_wconf 81' lang='lat' dir='ltr'><strong>Foru.</strong></span> <span class='ocrx_word' id='word_1_288' title='bbox 288 3087 340 3161; x_wconf 84' lang='lat' dir='ltr'><strong>qui</strong></span> <span class='ocrx_word' id='word_1_289' title='bbox 359 3103 417 3142; x_wconf 91' lang='lat' dir='ltr'><strong>non</strong></span> <span class='ocrx_word' id='word_1_290' title='bbox 436 3082 565 3140; x_wconf 86' lang='lat' dir='ltr'><strong>illustres</strong></span> <span class='ocrx_word' id='word_1_291' title='bbox 588 3090 618 3139; x_wconf 89' lang='lat' dir='ltr'><strong>et</strong></span> <span class='ocrx_word' id='word_1_292' title='bbox 637 3086 668 3141; x_wconf 83' lang='lat' dir='ltr'><strong>in</strong></span> <span class='ocrx_word' id='word_1_293' title='bbox 689 3082 759 3141; x_wconf 81' lang='lat' dir='ltr'><strong>urbe</strong></span> <span class='ocrx_word' id='word_1_294' title='bbox 779 3082 902 3141; x_wconf 87' lang='lat' dir='ltr'><strong>nosdum</strong></span> <span class='ocrx_word' id='word_1_295' title='bbox 930 3103 975 3162; x_wconf 90' lang='lat' dir='ltr'><strong>ap.</strong></span> <span class='ocrx_word' id='word_1_296' title='bbox 999 3081 1124 3143; x_wconf 84' lang='lat' dir='ltr'><strong>Bclker.</strong></span> <span class='ocrx_word' id='word_1_297' title='bbox 1141 3104 1200 3155; x_wconf 78' lang='lat' dir='ltr'><strong>nan</strong></span> <span class='ocrx_word' id='word_1_298' title='bbox 1219 3106 1270 3161; x_wconf 54' lang='lat' dir='ltr'><strong>aoy</strong></span> 
     </span>
     <span class='ocr_line' id='line_1_34' title="bbox 181 3161 1269 3243; baseline 0.001 -19"><span class='ocrx_word' id='word_1_299' title='bbox 181 3165 242 3225; x_wconf 88' lang='lat' dir='ltr'><strong>lum</strong></span> <span class='ocrx_word' id='word_1_300' title='bbox 269 3174 347 3223; x_wconf 90' lang='lat' dir='ltr'><strong>teste</strong></span> <span class='ocrx_word' id='word_1_301' title='bbox 370 3161 528 3243; x_wconf 84' lang='lat' dir='ltr'><strong>Schluttig.</strong></span> <span class='ocrx_word' id='word_1_302' title='bbox 558 3166 609 3240; x_wconf 86' lang='lat' dir='ltr'><strong>qui</strong></span> <span class='ocrx_word' id='word_1_303' title='bbox 635 3185 692 3223; x_wconf 89' lang='lat' dir='ltr'><strong>non</strong></span> <span class='ocrx_word' id='word_1_304' title='bbox 721 3165 850 3223; x_wconf 85' lang='lat' dir='ltr'><strong>illustres</strong></span> <span class='ocrx_word' id='word_1_305' title='bbox 877 3172 906 3221; x_wconf 87' lang='lat' dir='ltr'><strong>et</strong></span> <span class='ocrx_word' id='word_1_306' title='bbox 934 3185 993 3223; x_wconf 88' lang='lat' dir='ltr'><strong>non</strong></span> <span class='ocrx_word' id='word_1_307' title='bbox 1023 3166 1053 3231; x_wconf 87' lang='lat' dir='ltr'><strong>in</strong></span> <span class='ocrx_word' id='word_1_308' title='bbox 1075 3164 1153 3239; x_wconf 76' lang='lat' dir='ltr'><strong>urbe¹</strong></span> <span class='ocrx_word' id='word_1_309' title='bbox 1172 3167 1269 3237; x_wconf 70' lang='lat' dir='ltr'><strong>solum</strong></span> 
     </span>
     <span class='ocr_line' id='line_1_35' title="bbox 182 3240 1271 3323; baseline -0.002 -16"><span class='ocrx_word' id='word_1_310' title='bbox 182 3242 277 3307; x_wconf 87' lang='lat' dir='ltr'><strong>Codd.</strong></span> <span class='ocrx_word' id='word_1_311' title='bbox 299 3243 408 3304; x_wconf 87' lang='lat' dir='ltr'><strong>Vaticc.</strong></span> <span class='ocrx_word' id='word_1_312' title='bbox 432 3249 511 3307; x_wconf 80' lang='lat'><strong>1862</strong></span> <span class='ocrx_word' id='word_1_313' title='bbox 533 3253 563 3301; x_wconf 90' lang='lat' dir='ltr'><strong>et</strong></span> <span class='ocrx_word' id='word_1_314' title='bbox 583 3245 674 3307; x_wconf 88' lang='grc'><strong>4498.</strong></span> <span class='ocrx_word' id='word_1_315' title='bbox 701 3267 758 3303; x_wconf 90' lang='lat' dir='ltr'><strong>non</strong></span> <span class='ocrx_word' id='word_1_316' title='bbox 785 3240 913 3303; x_wconf 83' lang='lat' dir='ltr'><strong>illustrcs‘</strong></span> <span class='ocrx_word' id='word_1_317' title='bbox 942 3255 971 3304; x_wconf 85' lang='lat' dir='ltr'><strong>et</strong></span> <span class='ocrx_word' id='word_1_318' title='bbox 991 3266 1050 3305; x_wconf 87' lang='lat' dir='ltr'><strong>non</strong></span> <span class='ocrx_word' id='word_1_319' title='bbox 1077 3247 1174 3319; x_wconf 82' lang='lat' dir='ltr'><strong>salam</strong></span> <span class='ocrx_word' id='word_1_320' title='bbox 1191 3245 1271 3323; x_wconf 72' lang='lat' dir='ltr'><strong>Cod-</strong></span> 
     </span>
     <span class='ocr_line' id='line_1_36' title="bbox 179 3324 1268 3401; baseline 0.002 -16"><span class='ocrx_word' id='word_1_321' title='bbox 179 3326 247 3386; x_wconf 78' lang='lat' dir='ltr'><strong>Vat.</strong></span> <span class='ocrx_word' id='word_1_322' title='bbox 266 3330 355 3386; x_wconf 81' lang='lat'><strong>1518.</strong></span> <span class='ocrx_word' id='word_1_323' title='bbox 376 3325 433 3385; x_wconf 90' lang='lat' dir='ltr'><strong>non</strong></span> <span class='ocrx_word' id='word_1_324' title='bbox 453 3325 576 3385; x_wconf 86' lang='lat' dir='ltr'><strong>illustris</strong></span> <span class='ocrx_word' id='word_1_325' title='bbox 596 3336 625 3387; x_wconf 85' lang='lat' dir='ltr'><strong>et</strong></span> <span class='ocrx_word' id='word_1_326' title='bbox 647 3330 678 3384; x_wconf 88' lang='lat' dir='ltr'><strong>in</strong></span> <span class='ocrx_word' id='word_1_327' title='bbox 698 3326 769 3399; x_wconf 83' lang='lat' dir='ltr'><strong>urbe</strong></span> <span class='ocrx_word' id='word_1_328' title='bbox 789 3327 884 3385; x_wconf 89' lang='lat' dir='ltr'><strong>solum</strong></span> <span class='ocrx_word' id='word_1_329' title='bbox 904 3329 1069 3401; x_wconf 70' lang='lat' dir='ltr'><strong>negotiosos</strong></span> <span class='ocrx_word' id='word_1_330' title='bbox 1090 3324 1186 3397; x_wconf 82' lang='lat' dir='ltr'><strong>Codd.</strong></span> <span class='ocrx_word' id='word_1_331' title='bbox 1203 3328 1268 3401; x_wconf 73' lang='lat' dir='ltr'><strong>Pei.</strong></span> 
     </span>
     <span class='ocr_line' id='line_1_37' title="bbox 179 3406 1270 3487; baseline 0.004 -20"><span class='ocrx_word' id='word_1_332' title='bbox 179 3406 345 3471; x_wconf 62' lang='lat' dir='ltr'><strong>Vindtd.</strong></span> <span class='ocrx_word' id='word_1_333' title='bbox 366 3406 443 3487; x_wconf 87' lang='lat' dir='ltr'><strong>Spir.</strong></span> <span class='ocrx_word' id='word_1_334' title='bbox 472 3410 523 3485; x_wconf 82' lang='lat' dir='ltr'><strong>qui</strong></span> <span class='ocrx_word' id='word_1_335' title='bbox 548 3426 606 3465; x_wconf 91' lang='lat' dir='ltr'><strong>non</strong></span> <span class='ocrx_word' id='word_1_336' title='bbox 633 3408 763 3467; x_wconf 82' lang='lat' dir='ltr'><strong>illustres</strong></span> <span class='ocrx_word' id='word_1_337' title='bbox 791 3409 821 3464; x_wconf 90' lang='lat' dir='ltr'><strong>in</strong></span> <span class='ocrx_word' id='word_1_338' title='bbox 848 3407 918 3465; x_wconf 83' lang='lat' dir='ltr'><strong>urle</strong></span> <span class='ocrx_word' id='word_1_339' title='bbox 949 3409 1053 3473; x_wconf 85' lang='lat' dir='ltr'><strong>solum,</strong></span> <span class='ocrx_word' id='word_1_340' title='bbox 1072 3408 1127 3468; x_wconf 89' lang='lat' dir='ltr'><strong>Ed.</strong></span> <span class='ocrx_word' id='word_1_341' title='bbox 1148 3410 1217 3475; x_wconf 76' lang='lat' dir='ltr'><strong>Pur.</strong></span> <span class='ocrx_word' id='word_1_342' title='bbox 1239 3421 1270 3471; x_wconf 79' lang='lat' dir='ltr'><strong>et</strong></span> 
     </span>
     <span class='ocr_line' id='line_1_38' title="bbox 179 3488 1267 3568; baseline 0.001 -19"><span class='ocrx_word' id='word_1_343' title='bbox 179 3507 262 3568; x_wconf 86' lang='lat' dir='ltr'><strong>seqq.</strong></span> <span class='ocrx_word' id='word_1_344' title='bbox 292 3492 343 3568; x_wconf 86' lang='lat' dir='ltr'><strong>qui</strong></span> <span class='ocrx_word' id='word_1_345' title='bbox 369 3499 432 3548; x_wconf 91' lang='lat' dir='ltr'><strong>tarn</strong></span> <span class='ocrx_word' id='word_1_346' title='bbox 461 3489 589 3548; x_wconf 86' lang='lat' dir='ltr'><strong>illustres</strong></span> <span class='ocrx_word' id='word_1_347' title='bbox 617 3492 648 3547; x_wconf 91' lang='lat' dir='ltr'><strong>in</strong></span> <span class='ocrx_word' id='word_1_348' title='bbox 675 3488 746 3546; x_wconf 84' lang='lat' dir='ltr'><strong>urbe</strong></span> <span class='ocrx_word' id='word_1_349' title='bbox 770 3509 828 3548; x_wconf 88' lang='lat' dir='ltr'><strong>non</strong></span> <span class='ocrx_word' id='word_1_350' title='bbox 855 3489 948 3547; x_wconf 89' lang='lat' dir='ltr'><strong>solum</strong></span> <span class='ocrx_word' id='word_1_351' title='bbox 969 3488 1115 3551; x_wconf 84' lang='lat' dir='ltr'><strong>Boettieh.</strong></span> <span class='ocrx_word' id='word_1_352' title='bbox 1167 3496 1267 3565; x_wconf 70' lang='lat' dir='ltr'><strong>ulnam</strong></span> 
     </span>
     <span class='ocr_line' id='line_1_39' title="bbox 179 3513 1313 3649; baseline 0 -18"><span class='ocrx_word' id='word_1_353' title='bbox 179 3572 355 3631; x_wconf 80' lang='lat' dir='ltr'><strong>illustriores</strong></span> <span class='ocrx_word' id='word_1_354' title='bbox 377 3572 407 3628; x_wconf 87' lang='lat' dir='ltr'><strong>in</strong></span> <span class='ocrx_word' id='word_1_355' title='bbox 425 3569 496 3629; x_wconf 83' lang='lat' dir='ltr'><strong>urbe</strong></span> <span class='ocrx_word' id='word_1_356' title='bbox 518 3567 610 3628; x_wconf 92' lang='lat' dir='ltr'><strong>Orell.</strong></span> <span class='ocrx_word' id='word_1_357' title='bbox 629 3568 661 3627; x_wconf 90' lang='lat' dir='ltr'><strong>in</strong></span> <span class='ocrx_word' id='word_1_358' title='bbox 681 3578 793 3629; x_wconf 86' lang='lat' dir='ltr'><strong>aunott.</strong></span> <span class='ocrx_word' id='word_1_359' title='bbox 820 3572 871 3649; x_wconf 86' lang='lat' dir='ltr'><strong>qui</strong></span> <span class='ocrx_word' id='word_1_360' title='bbox 892 3572 1024 3630; x_wconf 83' lang='lat' dir='ltr'><strong>illustres</strong></span> <span class='ocrx_word' id='word_1_361' title='bbox 1051 3574 1081 3631; x_wconf 91' lang='lat' dir='ltr'><strong>in</strong></span> <span class='ocrx_word' id='word_1_362' title='bbox 1112 3513 1184 3643; x_wconf 74' lang='lat' dir='ltr'><strong>urle</strong></span> <span class='ocrx_word' id='word_1_363' title='bbox 1210 3594 1270 3645; x_wconf 79' lang='lat' dir='ltr'><strong>non</strong></span> <span class='ocrx_word' id='word_1_364' title='bbox 1304 3554 1313 3569; x_wconf 50' lang='lat'><strong>³</strong></span> 
     </span>
     <span class='ocr_line' id='line_1_40' title="bbox 179 3647 1269 3729; baseline 0.006 -19"><span class='ocrx_word' id='word_1_365' title='bbox 179 3651 275 3711; x_wconf 83' lang='lat' dir='ltr'><strong>solum</strong></span> <span class='ocrx_word' id='word_1_366' title='bbox 298 3650 385 3709; x_wconf 89' lang='lat' dir='ltr'><strong>Bach.</strong></span> <span class='ocrx_word' id='word_1_367' title='bbox 414 3654 465 3729; x_wconf 87' lang='lat' dir='ltr'><strong>qui</strong></span> <span class='ocrx_word' id='word_1_368' title='bbox 490 3650 619 3708; x_wconf 86' lang='lat' dir='ltr'><strong>illustres</strong></span> <span class='ocrx_word' id='word_1_369' title='bbox 639 3647 700 3691; x_wconf 66' lang='lat' dir='ltr'><strong>*ll*</strong></span> <span class='ocrx_word' id='word_1_370' title='bbox 726 3661 756 3709; x_wconf 89' lang='lat' dir='ltr'><strong>et</strong></span> <span class='ocrx_word' id='word_1_371' title='bbox 781 3653 811 3710; x_wconf 87' lang='lat' dir='ltr'><strong>in</strong></span> <span class='ocrx_word' id='word_1_372' title='bbox 841 3651 912 3710; x_wconf 81' lang='lat' dir='ltr'><strong>urbe</strong></span> <span class='ocrx_word' id='word_1_373' title='bbox 938 3674 995 3711; x_wconf 89' lang='lat' dir='ltr'><strong>non</strong></span> <span class='ocrx_word' id='word_1_374' title='bbox 1015 3652 1109 3711; x_wconf 88' lang='lat' dir='ltr'><strong>solum</strong></span> <span class='ocrx_word' id='word_1_375' title='bbox 1140 3653 1217 3715; x_wconf 82' lang='lat' dir='ltr'><strong>Ritt.</strong></span> <span class='ocrx_word' id='word_1_376' title='bbox 1237 3654 1269 3717; x_wconf 81' lang='lat' dir='ltr'><strong>iu</strong></span> 
     </span>
     <span class='ocr_line' id='line_1_41' title="bbox 179 3730 1269 3812; baseline 0.005 -22"><span class='ocrx_word' id='word_1_377' title='bbox 179 3743 280 3791; x_wconf 78' lang='lat' dir='ltr'><strong>annot.</strong></span> <span class='ocrx_word' id='word_1_378' title='bbox 301 3730 465 3812; x_wconf 85' lang='lat' dir='ltr'><strong>suspicatus</strong></span> <span class='ocrx_word' id='word_1_379' title='bbox 484 3730 577 3790; x_wconf 83' lang='lat' dir='ltr'><strong>luisse</strong></span> <span class='ocrx_word' id='word_1_380' title='bbox 596 3734 646 3807; x_wconf 86' lang='lat' dir='ltr'><strong>qni</strong></span> <span class='ocrx_word' id='word_1_381' title='bbox 665 3732 793 3790; x_wconf 85' lang='lat' dir='ltr'><strong>illustres</strong></span> <span class='ocrx_word' id='word_1_382' title='bbox 810 3740 840 3790; x_wconf 88' lang='lat' dir='ltr'><strong>et</strong></span> <span class='ocrx_word' id='word_1_383' title='bbox 857 3736 887 3790; x_wconf 89' lang='lat' dir='ltr'><strong>in</strong></span> <span class='ocrx_word' id='word_1_384' title='bbox 903 3735 1005 3792; x_wconf 86' lang='lat' dir='ltr'><strong>ultimo</strong></span> <span class='ocrx_word' id='word_1_385' title='bbox 1026 3744 1177 3793; x_wconf 89' lang='lat' dir='ltr'><strong>terrarum</strong></span> <span class='ocrx_word' id='word_1_386' title='bbox 1198 3738 1269 3805; x_wconf 74' lang='lat' dir='ltr'><strong>arlo</strong></span> 
     </span>
     <span class='ocr_line' id='line_1_42' title="bbox 180 3811 1269 3889; baseline 0.004 -18"><span class='ocrx_word' id='word_1_387' title='bbox 180 3821 211 3872; x_wconf 87' lang='lat' dir='ltr'><strong>et</strong></span> <span class='ocrx_word' id='word_1_388' title='bbox 230 3815 261 3871; x_wconf 87' lang='lat' dir='ltr'><strong>in</strong></span> <span class='ocrx_word' id='word_1_389' title='bbox 282 3813 351 3871; x_wconf 83' lang='lat' dir='ltr'><strong>urbe</strong></span> <span class='ocrx_word' id='word_1_390' title='bbox 368 3834 425 3871; x_wconf 88' lang='lat' dir='ltr'><strong>noa</strong></span> <span class='ocrx_word' id='word_1_391' title='bbox 447 3813 549 3871; x_wconf 89' lang='lat' dir='ltr'><strong>solum.</strong></span> <span class='ocrx_word' id='word_1_392' title='bbox 593 3811 737 3889; x_wconf 85' lang='lat' dir='ltr'><strong>Equidem</strong></span> <span class='ocrx_word' id='word_1_393' title='bbox 758 3823 875 3872; x_wconf 91' lang='lat' dir='ltr'><strong>secutus</strong></span> <span class='ocrx_word' id='word_1_394' title='bbox 899 3814 1096 3875; x_wconf 87' lang='lat' dir='ltr'><strong>coniecturam</strong></span> <span class='ocrx_word' id='word_1_395' title='bbox 1118 3815 1269 3877; x_wconf 79' lang='lat' dir='ltr'><strong>Ecltstein.</strong></span> 
     </span>
     <span class='ocr_line' id='line_1_43' title="bbox 180 3891 1269 3977; baseline 0.006 -24"><span class='ocrx_word' id='word_1_396' title='bbox 180 3895 233 3977; x_wconf 81' lang='lat' dir='ltr'><strong>qai</strong></span> <span class='ocrx_word' id='word_1_397' title='bbox 261 3893 390 3952; x_wconf 86' lang='lat' dir='ltr'><strong>illustres</strong></span> <span class='ocrx_word' id='word_1_398' title='bbox 416 3901 446 3951; x_wconf 88' lang='lat' dir='ltr'><strong>et</strong></span> <span class='ocrx_word' id='word_1_399' title='bbox 470 3896 534 3951; x_wconf 89' lang='lat' dir='ltr'><strong>noti</strong></span> <span class='ocrx_word' id='word_1_400' title='bbox 560 3891 704 3972; x_wconf 83' lang='lat' dir='ltr'><strong>refingere</strong></span> <span class='ocrx_word' id='word_1_401' title='bbox 732 3905 854 3953; x_wconf 88' lang='lat' dir='ltr'><strong>conatus</strong></span> <span class='ocrx_word' id='word_1_402' title='bbox 886 3916 969 3956; x_wconf 90' lang='lat' dir='ltr'><strong>sum:</strong></span> <span class='ocrx_word' id='word_1_403' title='bbox 1000 3900 1052 3977; x_wconf 85' lang='lat' dir='ltr'><strong>qui</strong></span> <span class='ocrx_word' id='word_1_404' title='bbox 1080 3898 1209 3957; x_wconf 87' lang='lat' dir='ltr'><strong>illustres</strong></span> <span class='ocrx_word' id='word_1_405' title='bbox 1239 3908 1269 3959; x_wconf 79' lang='lat' dir='ltr'><strong>ot</strong></span> 
     </span>
     <span class='ocr_line' id='line_1_44' title="bbox 180 3974 1268 4059; baseline 0.007 -25"><span class='ocrx_word' id='word_1_406' title='bbox 180 3976 245 4035; x_wconf 89' lang='lat' dir='ltr'><strong>noti</strong></span> <span class='ocrx_word' id='word_1_407' title='bbox 263 3977 294 4033; x_wconf 88' lang='lat' dir='ltr'><strong>in</strong></span> <span class='ocrx_word' id='word_1_408' title='bbox 314 3974 387 4033; x_wconf 83' lang='lat' dir='ltr'><strong>urbe</strong></span> <span class='ocrx_word' id='word_1_409' title='bbox 405 3993 463 4032; x_wconf 88' lang='lat' dir='ltr'><strong>non</strong></span> <span class='ocrx_word' id='word_1_410' title='bbox 485 3974 589 4032; x_wconf 83' lang='lat' dir='ltr'><strong>solum.</strong></span> <span class='ocrx_word' id='word_1_411' title='bbox 630 3975 731 4048; x_wconf 88' lang='lat' dir='ltr'><strong>Quum</strong></span> <span class='ocrx_word' id='word_1_412' title='bbox 754 3975 883 4055; x_wconf 89' lang='lat' dir='ltr'><strong>scriptor</strong></span> <span class='ocrx_word' id='word_1_413' title='bbox 908 3977 1026 4059; x_wconf 84' lang='lat' dir='ltr'><strong>Dialogi</strong></span> <span class='ocrx_word' id='word_1_414' title='bbox 1048 3999 1084 4036; x_wconf 83' lang='lat' dir='ltr'><strong>ex</strong></span> <span class='ocrx_word' id='word_1_415' title='bbox 1103 3976 1268 4041; x_wconf 85' lang='lat' dir='ltr'><strong>imitatione</strong></span> 
     </span>
     <span class='ocr_line' id='line_1_45' title="bbox 180 4051 1266 4137; baseline 0.004 -20"><span class='ocrx_word' id='word_1_416' title='bbox 180 4051 335 4118; x_wconf 86' lang='lat' dir='ltr'><strong>Ciceronis</strong></span> <span class='ocrx_word' id='word_1_417' title='bbox 351 4074 518 4137; x_wconf 81' lang='lat' dir='ltr'><strong>synonyma</strong></span> <span class='ocrx_word' id='word_1_418' title='bbox 531 4055 701 4115; x_wconf 87' lang='lat' dir='ltr'><strong>consociare</strong></span> <span class='ocrx_word' id='word_1_419' title='bbox 721 4055 825 4133; x_wconf 87' lang='lat' dir='ltr'><strong>soleat,</strong></span> <span class='ocrx_word' id='word_1_420' title='bbox 847 4056 916 4119; x_wconf 89' lang='lat' dir='ltr'><strong>huic</strong></span> <span class='ocrx_word' id='word_1_421' title='bbox 936 4061 1121 4120; x_wconf 84' lang='lat' dir='ltr'><strong>coniecturae</strong></span> <span class='ocrx_word' id='word_1_422' title='bbox 1140 4059 1266 4123; x_wconf 80' lang='lat' dir='ltr'><strong>forsitan</strong></span> 
     </span>
    </p>
   </div>
   <div class='ocr_carea' id='block_1_6' title="bbox 163 4131 1269 4223">
    <p class='ocr_par' dir='ltr' id='par_1_6' title="bbox 163 4131 1269 4223">
     <span class='ocr_line' id='line_1_46' title="bbox 163 4131 1269 4223; baseline 0.003 -20"><span class='ocrx_word' id='word_1_423' title='bbox 163 4135 383 4218; x_wconf 72' lang='lat' dir='ltr'><strong>&#39;suffragentur</strong></span> <span class='ocrx_word' id='word_1_424' title='bbox 408 4133 467 4199; x_wconf 87' lang='lat' dir='ltr'><strong>loci</strong></span> <span class='ocrx_word' id='word_1_425' title='bbox 488 4131 549 4199; x_wconf 72' lang='lat' dir='ltr'><strong>cie</strong></span> <span class='ocrx_word' id='word_1_426' title='bbox 571 4137 657 4202; x_wconf 82' lang='lat' dir='ltr'><strong>Verr.</strong></span> <span class='ocrx_word' id='word_1_427' title='bbox 678 4140 715 4216; x_wconf 88' lang='lat'><strong>11,</strong></span> <span class='ocrx_word' id='word_1_428' title='bbox 737 4143 784 4202; x_wconf 80' lang='lat'><strong>1³.</strong></span> <span class='ocrx_word' id='word_1_429' title='bbox 813 4139 889 4202; x_wconf 87' lang='lat' dir='ltr'><strong>med</strong></span> <span class='ocrx_word' id='word_1_430' title='bbox 940 4141 1035 4203; x_wconf 87' lang='lat' dir='ltr'><strong>Unum</strong></span> <span class='ocrx_word' id='word_1_431' title='bbox 1068 4141 1160 4220; x_wconf 79' lang='lat' dir='ltr'><strong>illud,</strong></span> <span class='ocrx_word' id='word_1_432' title='bbox 1188 4143 1269 4223; x_wconf 80' lang='lat' dir='ltr'><strong>quod</strong></span> 
     </span>
    </p>
   </div>
   <div class='ocr_carea' id='block_1_7' title="bbox 128 4314 228 4352">
    <p class='ocr_par' dir='ltr' id='par_1_7' title="bbox 128 4314 228 4352">
     <span class='ocr_line' id='line_1_47' title="bbox 128 4314 228 4352; baseline 0 0"><span class='ocrx_word' id='word_1_433' title='bbox 128 4314 228 4352; x_wconf 59' lang='lat' dir='ltr'>A</span> 
     </span>
    </p>
   </div>
   <div class='ocr_carea' id='block_1_8' title="bbox 0 0 1322 4656">
    <p class='ocr_par' dir='ltr' id='par_1_8' title="bbox 0 0 1322 4656">
     <span class='ocr_line' id='line_1_48' title="bbox 0 0 1322 4656; baseline 0 0"><span class='ocrx_word' id='word_1_434' title='bbox 0 0 1322 4656; x_wconf 95' lang='lat' dir='ltr'><strong> </strong></span> 
     </span>
    </p>
   </div>
  </div>
 </body>
</html>
