2634 4656
197 259 259 330 108
395 270 407 303 s
500 260 503 267 '
532 253 690 338 Dialogus
712 255 750 317 de
771 210 956 316 Oratarhm

195 436 303 484 cerem
330 410 366 481 in
395 408 507 482 medio
539 411 634 482 sitam
657 425 689 482 et
710 409 902 510 propiorem
936 406 1037 479 nobis
1061 435 1174 506 -quam
1202 407 1265 480 Ser.
1312 424 1314 499 j

196 508 327 582 Galbae
354 509 471 582 aut‘C.
493 509 657 609 Carboni,
685 536 838 608 quosque
864 506 946 580 alios
972 507 1091 579 merito
1119 508 1268 607 antiquos

276 683 306 738 in
337 679 433 739 medio
459 678 562 756 sitam]
608 679 644 737 ln
674 678 769 737 medio
797 681 885 737 situm
914 677 976 738 sive
998 681 1127 758 positum
1162 687 1206 737 est
1234 676 1270 758 (ir

195 766 268 838 μέσῳ
288 754 384 841 netem)
414 760 461 833 id,
489 760 525 818 ad
555 761 635 839 quod
662 759 792 839 undique
819 759 911 820 cuivis
939 759 1034 818 aditus
1062 770 1163 840 patet,
1193 759 1268 819 cuius

196 842 292 921 quivis
323 842 466 923 particeps
495 842 560 907 fieri
588 852 705 922 potest,
740 841 799 900 vel'
816 842 896 921 quod
924 841 1060 901 omnibus
1088 853 1195 901 notum
1212 851 1268 900 est

194 924 264 983 Ter.
287 922 405 983 Phorm.
427 921 502 1004 prol.
528 928 573 982 17.
593 927 622 981 in
642 923 738 981 medio
758 924 890 982 omnibus
906 923 1040 1003 palmam
1056 944 1119 982 esse
1136 926 1269 1007 positam,

195 1008 246 1146 ppei
265 1015 360 1064 artem
374 1014 507 1063 tractant
531 1009 674 1063 musicam
694 1004 763 1083 ibiq.
786 1003 1269 1086 Ruhnk.1)ict.1>lin.t³'aneg.ae
1312 1068 1314 1075 ,

227 1096 345 1145 aratum
368 1087 400 1143 id
419 1073 532 1168 quietim
555 1096 583 1144 et
608 1090 638 1144 in
661 1087 757 1145 medio
781 1091 924 1166 positum,
952 1107 1055 1144 nouum
1078 1097 1181 1144 tamen
1208 1084 1270 1165 ibiq.

195 1167 343 1230 Schwarz.
369 1165 429 1226 Cic.
451 1166 549 1226 Divin.
579 1167 609 1225 in
632 1165 714 1226 Caec.
738 1173 784 1227 11.
828 1167 925 1250 Atque
953 1188 1006 1241 ego
1033 1169 1125 1243 haec,
1151 1172 1271 1250 quaein

197 1249 293 1307 medio
309 1252 408 1330 posita
425 1259 508 1315 sunt,
529 1269 731 1308 commemoro.
767 1251 842 1308 Sunt
861 1252 925 1308 alia
945 1252 1041 1322 magis
1057 1247 1270 1327 occultasurta.

195 1330 243 1390 De
261 1331 342 1390 Orat.
366 1333 389 1404 l,
413 1336 510 1404 3,1‘2.
559 1330 648 1409 Quod
674 1331 728 1389 hac
754 1334 845 1389 etiam
873 1331 1037 1389 mirabilius
1061 1330 1149 1388 debet
1176 1329 1270 1407 uideri,

195 1415 265 1494 quia
295 1423 456 1471 ceterarum
488 1415 598 1479 artium
625 1412 725 1470 studia
744 1408 814 1489 fere
834 1412 991 1470 reconditis
1014 1422 1103 1495 atque
1132 1412 1271 1472 abditise

188 1492 323 1572 sontibus
339 1496 533 1565 hauriuntur,
555 1493 669 1552 dicendi
689 1503 787 1551 autem
805 1498 898 1551 omnis
919 1498 998 1552 ratio
1019 1497 1048 1551 in
1065 1494 1163 1552 medio
1182 1498 1272 1576 posita

94 1631 97 1635 .
198 1579 347 1634 communi
366 1576 492 1657 quodam
513 1579 544 1634 in
565 1597 619 1633 usu
641 1573 730 1656 atque
756 1579 787 1633 in
805 1576 955 1634 hominum
982 1596 1064 1635 mora
1083 1577 1117 1635 'et
1145 1595 1272 1636 sermone

197 1667 340 1716 uersatur.
469 1703 475 1716 .
1196 1678 1200 1683 ·

160 1737 163 1741 ’
281 1740 361 1797 Sero.
384 1736 516 1818 Galbae]
559 1736 604 1799 cf.
629 1737 707 1799 Dial.
726 1742 776 1798 25.
815 1738 933 1797 Serbius
961 1740 1110 1819 Sulpicius
1142 1738 1272 1797 Galbae

196 1818 379 1879 nobilissima
395 1832 482 1901 gente
501 1820 663 1895 oriundus,
683 1832 850 1900 temporum
867 1842 988 1881 suorum
1005 1819 1272 1898 eloquentissimus,

197 1913 375 1981 propraetor
393 1901 549 1980 Hispaniae
570 1905 638 1961 604.
660 1903 699 1960 U.
720 1900 752 1961 C.
775 1924 863 1980 quum
884 1902 1112 1976 Lusitanorum,
1136 1923 1152 1960 a
1173 1900 1272 1981 quibus

197 1982 324 2062 primum
349 1983 430 2063 turpi
452 1981 530 2042 clade
550 1983 692 2057 allectus,
720 1983 824 2042 deinde
845 1985 879 2042 ad
904 2005 1006 2063 pacem
1028 1983 1188 2042 faciendam
1208 2001 1272 2062 pro-

197 2076 318 2123 vocatus
341 2076 436 2138 esset,
467 2085 573 2123 novem
599 2063 646 2122 vel
675 2065 747 2123 adeo
767 2064 887 2146 triginta
917 2065 1004 2123 millia
1025 2085 1138 2124 summa
1158 2062 1273 2145 perfidia

197 2145 375 2217 trucidasset
403 2144 593 2224 reliquosque
622 2166 724 2204 servos
752 2145 783 2204 in
814 2144 936 2205 Galliam
963 2145 1164 2221 uendidisset,
1196 2166 1220 2205 a.
1246 2144 1274 2204 b·

198 2226 356 2286 Scribonio
372 2227 484 2285 Libone
506 2225 573 2286 trib.
595 2226 634 2306 pl.
653 2239 682 2285 et
704 2248 719 2286 a
741 2229 780 2285 bl.
803 2224 915 2287 Catone
931 2226 1019 2288 Ceus.
1036 2227 1179 2287 acerrime
1196 2248 1274 2289 aecu-

198 2320 278 2366 satus
301 2321 330 2368 et
351 2308 501 2367 absolutus
525 2313 593 2367 610.
614 2305 708 2373 [tc.
731 2308 835 2367 consul
854 2309 947 2370 sactus
970 2306 1023 2369 est.
1073 2306 1120 2371 Cf.
1141 2310 1181 2369 U.
1204 2310 1224 2368 l.
1243 2308 1282 2367 fl.

196 2388 310 2449 Becker
333 2390 449 2448 Viriath
469 2413 498 2447 u.
521 2390 567 2448 die
589 2389 755 2448 Lusitanier
783 2410 810 2468 p.
836 2395 871 2449 15
895 2413 937 2470 sq.
959 2403 988 2450 et
1008 2395 1045 2449 96
1069 2410 1114 2469 sq.
1157 2386 1275 2451 Causam

196 2471 257 2553 egit
276 2491 332 2551 pro
354 2471 515 2551 publicanis
538 2477 605 2531 616.
628 2473 667 2529 U.
683 2470 716 2532 C.
757 2472 952 2552 Temporibus
971 2471 1046 2532 Livii
1067 2469 1214 2552 (Epitom.
1232 2469 1275 2529 bb.

197 2551 253 2633 49)
279 2552 431 2611 exstabant
461 2552 523 2613 eius
552 2564 613 2612 tres
645 2552 801 2612 orationes.
852 2552 912 2613 Cic.
944 2555 1027 2612 Brut.
1049 2559 1099 2627 21,
1123 2559 1173 2612 82.
1222 2549 1277 2617 Stl

186 2637 273 2713 ¹inter
293 2635 347 2692 has
369 2645 469 2692 aetate
487 2637 610 2714 paulum
630 2636 676 2692 his
700 2633 874 2693 antecedens
902 2639 964 2693 sine
986 2635 1072 2693 dubio
1094 2635 1160 2693 Ser.
1183 2632 1276 2693 Galba

197 2717 362 2798 eloquentia
389 2720 558 2796 praestitit‚·
590 2727 618 2775 et
640 2720 778 2774 nimirum
800 2718 825 2774 is
850 2721 992 2797 ‘princeps
1018 2737 1056 2774 ea·
1086 2715 1207 2775 Latinis
1229 2716 1276 2775 illa

198 2808 350 2856 oratorum
370 2800 494 2876 propria
516 2808 544 2855 et
564 2800 650 2879 quasi
677 2799 809 2871 legitima
837 2819 927 2879 opera
957 2801 1113 2870 tractauit,
1144 2807 1178 2856 ut
1199 2804 1285 2873 egre.

197 2878 317 2936 deretur
338 2898 358 2935 a
375 2882 526 2958 proposito
557 2879 683 2937 ornandi
709 2899 818 2952 eausa,
850 2889 883 2938 ut
910 2878 1068 2940 delectaret
1088 2882 1225 2952 animos,
1250 2884 1278 2937 ul

195 2969 392 3041 permoveret,
416 2969 447 3018 ut
467 2970 589 3034 augeret
610 2982 688 3033 rem,
712 2970 742 3018 ut
759 2961 1008 3033 miserationibus,
1031 2968 1062 3019 ul
1081 2958 1278 3020 eonemunilrue

197 3042 271 3101 loeis
293 3045 432 3100 uteretur.
475 3041 536 3100 Sed
564 3046 661 3120 nescio
685 3041 828 3124 quomodo
856 3064 939 3124 quem
971 3051 1087 3101 constat
1116 3042 1278 3124 eloquentie

195 3127 396 3206 praestitisse,
428 3124 566 3183 exiliores
593 3127 736 3182 orationis
756 3133 823 3183 sunt
844 3135 872 3182 et
892 3123 1054 3183 redolentes
1085 3126 1184 3197 magis
1205 3123 1278 3181 anti-

197 3209 337 3286 quitatem
359 3225 447 3285 quam
469 3215 522 3263 aut
542 3204 641 3264 Laelii
656 3215 709 3264 aut
730 3206 871 3287 Scipionis
895 3215 948 3264 aut
969 3209 1057 3263 etiam
1081 3207 1175 3283 ipsius
1193 3202 1278 3263 Cato-

196 3289 263 3353 nis:
281 3290 380 3368 itaque
403 3296 590 3359 evanuerunt,
612 3290 660 3345 aiau
677 3290 737 3345 iam
752 3297 785 3345 ut
800 3297 973 3368 appareant.
998 3283 1049 3346 Cle
1059 3284 1188 3347 Ellendt.
1208 3285 1278 3345 Pre-

198 3363 275 3506 legfi.
295 3389 323 3527 με
343 3367 442 3425 XXXl
465 3389 508 3447 sq.
531 3368 644 3453 Meyer.
665 3368 766 3451 fragm.
788 3389 817 3448 p.
841 3372 907 3428 166.
937 3368 1102 3428 Westerm.
1124 3358 1278 3428 Geseb.h

198 3467 225 3506 r.
272 3491 278 3505 .
324 3453 401 3506 .37.

286 3512 340 3587 aut
368 3527 400 3587 C.
422 3528 559 3608 Carbone]
601 3541 655 3590 aut
681 3551 697 3591 e
719 3527 792 3590 cod.
819 3532 905 3590 Farn.
932 3531 1045 3612 primus
1072 3528 1187 3611 recepit
1210 3528 1280 3591 Rite

201 3608 264 3670 iam
285 3610 517 3670 commendatum
536 3611 566 3670 in
592 3624 691 3672 annot.
711 3611 746 3670 ab
766 3611 932 3688 Eeksteiu.,
958 3633 1048 3693 quum
1073 3612 1189 3692 saepius
1211 3608 1286 3671 seri-'

199 3703 303 3774 ptores
326 3712 358 3752 ea
382 3691 523 3772 particula
544 3692 592 3752 usi
614 3694 673 3752 sint
700 3695 736 3753 ab
758 3695 975 3777 coniungendas
1004 3688 1153 3755 enunciati
1174 3703 1280 3773 partes,

203 3793 267 3832 non
287 3775 322 3834 ad
344 3773 567 3856 disiungendas,
590 3786 624 3834 ut
647 3773 707 3833 Cic.
722 3775 805 3835 Orat.
828 3781 857 3849 1,
879 3780 906 3836 4.
928 3780 1066 3857 in'poetis
1080 3797 1138 3834 non
1152 3775 1280 3835 Homero

198 3854 256 3912 soli
277 3856 354 3914 locus
376 3865 420 3913 est
448 3866 501 3914 aut
529 3856 706 3916 Archilocho
735 3868 788 3914 aut
816 3859 955 3939 Sophocli
973 3868 1026 3917 aut
1051 3856 1205 3928 Pindaro,
1233 3851 1283 3914 sel

200 3934 305 3993 horum
327 3937 371 3994 ael
390 3936 525 3996 secundis
546 3940 590 3996 uel
615 3941 706 3994 etiam
727 3936 806 4014 infra
832 3940 989 4014 secundos,
1018 3939 1053 3999 de
1082 3958 1142 4017 quo
1170 3937 1227 3997 loc.
1248 3932 1281 3995 cl.

198 4015 293 4073 Hand.
323 4018 411 4076 Turs.
433 4017 500 4076 Vol.
524 4020 543 4077 l.
573 4040 601 4097 p.
624 4024 693 4076 527.
735 4018 809 4078 Plin.
831 4022 904 4101 Epp.
926 4024 949 4098 l,
976 4027 1024 4097 16,
1047 4025 1075 4078 5.
1117 4019 1282 4079 Praeterea

203 4116 302 4155 uersus
314 4096 409 4176 facit,
438 4100 539 4180 quales
568 4100 702 4159 Catullus
728 4112 780 4160 aut
809 4102 922 4162 Caluus.
973 4103 1004 4162 C.
1028 4102 1172 4180 Papirius
1198 4099 1231 4159 C.
1251 4095 1281 4157 F.

201 4176 321 4254 Carbo,
340 4177 408 4240 trib.
430 4180 469 4261 pl.
492 4180 650 4244 seditiosus
672 4188 739 4244 623.
761 4185 799 4245 U.
820 4181 872 4262 C.,
900 4183 1027 4267 partium
1048 4181 1283 4244 Graccbauarum
