2634 4656
504 201 721 313 1111183).
775 271 778 278 ·

63 402 159 461 Ratio
196 410 358 484 temporum
389 401 501 475 colligit
533 403 581 461 24.

18 480 24 491 ’
105 486 185 542 ratio
206 495 237 542 et
257 486 354 542 oratio
375 482 490 542 consus.
517 487 541 542 1.

62 564 248 624 Rationaies-
262 598 301 610 -
325 567 486 622 rationarii
505 564 582 623 Cae-

13 716 16 721 *
103 665 215 703 sarum*
229 651 256 703 7.
313 651 315 657 '
568 640 576 649 ’

62 726 216 784 Recedere
237 725 256 782 i.
277 746 304 802 q.
327 723 464 782 secedere
489 727 517 783 9.
539 768 541 775 .

63 807 215 865 Recitatio
229 817 259 865 et
273 808 416 863 tractatio
426 804 541 864 consus.
550 811 578 864 3.

103 886 303 946 Recitationes
325 886 526 944 Romanorum
550 891 584 948 9.,

106 967 266 1026 carminum
287 965 403 1046 Virgilii
424 977 454 1027 et
478 966 579 1028 Ovidii

105 1047 136 1106 in
157 1048 273 1106 theatro
296 1053 341 1107 13.

65 1130 228 1188 Recurrere
248 1129 291 1187 ad
309 1130 435 1210 aliquem
458 1133 485 1187 9.

62 1211 209 1269 Redolere
229 1221 259 1267 et
287 1211 365 1268 olere
392 1231 440 1269 vv.
467 1209 576 1268 medie:

105 1295 322 1373 antiquitatem,
334 1300 506 1350 uetustatem
521 1303 576 1350 etc.

104 1377 152 1430 21.
364 1416 367 1421 -

61 1452 243 1511 Redundans
262 1464 363 1528 orator
375 1456 434 1511 18.

61 1533 205 1610 Reserre,
236 1545 270 1592 ut
293 1541 427 1611 φέρεσθαι
449 1565 486 1577 -
502 1536 580 1593 simr-¹

12 1666 16 1684 ,
101 1621 249 1690 φέρεσθαι,
269 1615 288 1672 i.
307 1638 334 1694 q.
355 1613 506 1692 consequi,
528 1634 579 1702 νεῖ,

102 1708 222 1774 portare
241 1701 269 1753 9.
297 1695 408 1773 referre
436 1696 576 1754 dicuntur

102 1777 221 1834 domum
244 1777 411 1850 auditores,
433 1777 483 1855 qui
506 1795 573 1833 oru-

100 1856 233 1917 tionibus
259 1856 291 1914 in
312 1858 380 1916 soro
403 1869 452 1914 aut
473 1857 504 1914 in
525 1856 578 1915 io-.

100 1936 184 1996 dicits
201 1936 304 1996 habitis
315 1937 570 1996 interfueramus.

100 2015 192 2096 refert
208 2031 238 2079 et
258 2022 377 2077 interest
392 2018 468 2096 ‘quid
486 2016 571 2078 disse-

97 2111 165 2158 rant
184 2106 232 2161 39.
329 2131 343 2155 a

20 2219 24 2228 .
58 2178 196 2258 Refertus
217 2183 345 2239 honestis
366 2180 471 2238 studiis
492 2182 540 2241 34.

57 2262 173 2334 Regere
188 2267 236 2320 36.
257 2266 383 2336 regentis
404 2261 569 2340 obsequium

56 2424 164 2496 Reges
173 2421 230 2480 diis
242 2424 337 2496 geniti
348 2423 502 2499 sanctique
521 2426 568 2480 12.

55 2505 189 2577 Regnum
203 2499 429 2582 (eloquentiae),
436 2498 569 2579 forense,

97 2584 227 2649 iudicate
248 2588 297 2644 32.
449 2654 452 2661 .
516 2629 519 2633 .

17 2695 23 2704 «
54 2665 98 2723 Μ.
118 2663 254 2745 Aquilius
271 2664 403 2738 Regulus
423 2666 471 2722 15.
567 2686 571 2693 ‘

54 2747 229 2825 Relinquere
244 2757 274 2804 et
284 2747 419 2805 deserere
427 2743 497 2824 quid
510 2742 574 2805 dit..

94 2824 191 2884 ferant
211 2830 239 2885 9.

54 2907 251 2965 Remissiones
269 2912 319 2964 28.
413 2920 416 2923 ’

52 2988 181 3044 Remota
202 2986 339 3063 exempla
358 2992 386 3043 8.

52 3065 205 3147 Repetitio
224 3065 347 3145 molesta
364 3065 482 3144 pertice.
496 3088 565 3126 cau·

94 3146 145 3205 sal.
178 3151 225 3205 16.
255 3156 345 3226 repet.
374 3166 460 3224 pron.
483 3146 564 3207 relat.

97 3232 145 3287 19.
160 3226 294 3306 repetite
314 3225 474 3286 verborum
495 3231 543 3289 34.
566 3280 569 3286 .
606 3233 612 3246 “

50 3310 201 3389 Reponere
221 3319 251 3367 et
270 3327 408 3388 seponere
426 3313 454 3368 9.

50 3391 163 3448 Rerum
193 3398 288 3448 motus
321 3408 484 3471 causaeque
514 3395 563 3450 30.

92 3489 142 3529 res
155 3469 180 3527 i.
195 3490 229 3549 ¹q.
249 3489 297 3528 res
317 3468 433 3549 publica
451 3473 501 3530 40.

48 3553 200 3630 Respuunt
218 3570 308 3609 aures
328 3555 356 3608 9.
433 3590 435 3595 ·

9 3702 12 3707 y
48 3635 131 3694 Reus
151 3630 203 3709 qui
220 3643 303 3691 extra
322 3630 421 3689 iorum
440 3628 562 3690 alicuius

93 3710 139 3771 rei
162 3711 247 3790 culpe
275 3719 410 3791 teneturt
440 3715 485 3770 rei
506 3734 562 3793 po-

87 3801 183 3854 tentes
203 3799 266 3851 36.·

47 3873 314 3933 Rhetoresitoma
335 3870 451 3952 expulsi
472 3876 521 3932 35.

46 3954 161 4025 Rtodtt
179 3965 331 4027 oratores,
351 3954 500 4016 Rhodium
514 3954 561 4018 di-

50 4049 52 4051 ’
88 4036 176 4095 eeneii
191 4056 283 4109 genus
302 4038 351 4095 40.

43 4118 149 4193 Biora,
170 4121 271 4177 rt'uari
289 4124 338 4177 26.

1081 256 1146 316 303

631 399 733 460 Robur
764 404 868 461 oirium
897 407 951 462 26.
987 404 1077 462 robur
1108 406 1150 470 eti,
1176 439 1189 475 >2

671 480 821 561 ingenium
840 481 1012 542 translatum
1033 491 1080 544 35.

621 562 793 635 itoirustus,
813 564 864 642 qui
877 564 1024 639 adolevit,
1045 567 1090 625 vei
1112 567 1149 630 in.
1185 543 1206 613 s

669 641 775 781 gigatis
797 644 887 726 magis
904 645 1077 706 exercitatus
1096 659 1143 709 est
1170 715 1174 721 .

626 783 747 942 Rogo-e
771 827 827 886 pro
849 810 994 865 memoria
1018 805 1140 868 alieuius

626 966 760 1039 Romam,
776 965 959 1047 praecipuam
973 970 1140 1032 studiorum

581 1101 584 1110 ,
637 1094 638 1101 .
667 1046 766 1104 sedem
797 1046 865 1106 xsub
884 1050 1144 1129 imperatoribus..
1175 1049 1177 1053 ’

666 1125 874 1186 confluxerunt
900 1130 1021 1192 iuvenes
1048 1154 1139 1194 eco-

667 1205 754 1265 loniis
777 1227 810 1266 ac
829 1210 1010 1286 provinciis,
1031 1215 1138 1274 uelit-

665 1287 736 1346 teris
759 1299 788 1347 et
808 1289 993 1368 eloquentiae
1011 1315 1143 1374 opernm.

665 1368 767 1426 darent
788 1376 836 1427 20.
884 1429 890 1434 ,
1018 1427 1022 1433 ,

623 1448 751 1507 Romani
775 1449 861 1509 alieni
880 1450 1002 1513 fuerunt
1023 1454 1058 1514 ab
1088 1476 1136 1515 ar·

664 1529 739 1587 tium
772 1530 911 1609 operibus
940 1556 1005 1592 eum
1036 1538 1135 1597 studio

663 1630 696 1669 ue
715 1609 824 1670 iudicio
839 1615 1069 1693 contemplandis
1091 1625 1135 1678 10.

662 1689 726 1750 snb
763 1693 911 1770 imperatt.
952 1695 1143 1759 recentiores

662 1773 822 1850 scriptores
843 1776 1061 1853 postponebant
1080 1801 1133 1840 ve-

664 1850 752 1911 tustis
774 1858 823 1913 23.

620 1928 659 2009 Q.
684 1933 810 1992 Roscius
838 1933 956 1995 Gallus.
972 1939 1131 2018 comoedus

618 2093 699 2150 Rota
711 2091 924 2172 fortunae23.
1135 2152 1138 2164 .
1167 2169 1170 2175 Ι

618 2175 735 2249 Rubigo
756 2177 900 2257 metaph,
925 2178 1056 2255 rubigine
1084 2186 1132 2242 in·

652 2254 765 2331 sectum
785 2265 854 2316 22..
1134 2319 1138 2329 .

617 2336 751 2398 Rudiirus
788 2347 818 2394 et
850 2336 970 2417 sudibus
1004 2343 1129 2420 cousus,

636 2415 779 2473 'rudibus
800 2417 944 2475 dimicare
965 2426 1013 2481 34.
1107 2432 1111 2436 “
1134 2478 1138 2487 .
1159 2437 1173 2472 2

616 2493 712 2560 Rudis
730 2506 832 2553 orator
855 2501 900 2554 18.

615 2573 728 2651 Rufus,
758 2575 942 2636 obtrectator
974 2577 1128 2644 Ciceronis

613 2736 729 2796 Rumor
746 2740 841 2811 surgit
862 2740 911 2798 34.
958 2795 963 2801 ,

612 2985 784 3044 Sacrariurn
805 2991 855 3046 20.

612 3067 770 3123 Saeculum
784 3064 803 3123 i.
820 3088 849 3145 q.
865 3074 958 3139 aetus,
970 3073 1085 3145 tempus
1102 3071 1126 3126 t.

611 3146 730 3204 Soltari
749 3149 921 3226 cantarique
944 3157 1125 3206 coannenta·
1160 3194 1164 3201 ,

652 3230 714 3284 rios
732 3233 781 3285 26.
896 3282 899 3286 ,
938 3278 941 3284 .

611 3307 737 3365 Salubre
759 3325 864 3388 eorpus
882 3309 936 3384 41.

610 3389 813 3447 Salutationes
836 3392 882 3446 11.
903 3390 951 3447 29.

610 3469 767 3538 Salutator
787 3470 836 3528 34.
968 3477 977 3487 ‘

611 3551 764 3607 Sanctitas
778 3546 1054 3608 etsanitaseonfus.
1072 3554 1129 3609 25.Ι

609 3632 735 3688 Sanctus
758 3638 787 3687 et
807 3639 949 3702 augustus
971 3633 1000 3689 4.

608 3712 813 3782 Sanguinem,
846 3711 1027 3780 sanguineus
1060 3711 1121 3769 elo-

636 3792 766 3872 quentia,
773 3790 1064 3868 sanguinariustrop.
1075 3798 1121 3852 12.

608 3873 737 3944 Sanguis
756 3869 793 3929 de
814 3867 948 3927 oratione
968 3874 1017 3928 21.
1040 3875 1089 3943 26.

608 3947 732 4011 Sanitas
758 3948 900 4013 orationis
922 3955 971 4008 23.
991 3955 1040 4011 25.
1068 3965 1121 4012 sa-

623 4093 627 4097 ,
649 4037 731 4091 nitas
743 4033 928 4095 etsanttitas
941 4031 1055 4091 confos-
1069 4035 1119 4092 25.

607 4116 733 4195 Sapiens
751 4113 917 4206 Stoicorum
938 4115 988 4175 31.
1039 4141 1048 4160 <
1119 4160 1129 4190 .-
