2634 4656
425 300 429 307 .
500 216 658 306 Dialogus
677 224 716 285 de
741 223 926 287 Oratoribus

587 390 616 449 (2
633 407 659 449 a
677 408 717 461 u·
750 393 850 449 xlv.

108 469 128 522 ’κ
189 530 193 536 ·
274 503 420 579 Vixdum
450 505 580 578 linierat
604 507 777 578 Maternus
812 508 995 581 colicitatus
1027 523 1059 580 et
1088 505 1178 580 velut
1203 507 1254 581 in·

179 605 338 693 stinctus,
353 622 469 705 'quum
495 605 678 719 llipstanus
703 604 861 678 Messalla
888 605 1079 679 cubiculum
1107 606 1181 680 cius
1206 606 1255 680 in-

48 774 64 801 ,
92 708 99 715 ”
179 731 315 802 gressus
334 722 393 791 est,
421 721 677 804 suspicatusque
699 731 738 777 ex
756 704 831 804 ipsa
848 705 1031 779 intentione
1046 705 1256 803 singulnmm

85 818 88 825 '
180 802 329 881 altiorem
351 805 513 876 imm-eos
535 829 607 876 esse
632 829 841 891 sermonem,
875 807 961 877 Num
987 831 1106 902 parum
1133 820 1258 906 tempe·

181 904 303 989 stirus,
338 903 464 1004 inquit,
496 902 655 973 interveni
680 904 842 973 secretbm
876 902 1049 1005 consilinm
1077 920 1110 975 et
1141 931 1259 997 causae

181 1000 322 1083 alicuius
351 1000 597 1073 nieditationem
623 1000 865 1074 tractantibus?
922 1000 1081 1088 Minime,
1113 1002 1260 1092 minime,

181 1098 293 1198 iuquit
326 1098 520 1185 Secundus;
564 1115 667 1198 atquc.
696 1099 780 1171 adeo
815 1098 929 1182 vellem
963 1099 1126 1172 maturius
1159 1102 1259 1175 inter-

182 1199 340 1283 uenisses.
399 1198 603 1271 Delectassct
628 1197 716 1269 eninr
748 1215 780 1270 te
814 1215 844 1271 ct
872 1197 959 1298 Apri
988 1199 1095 1271 nostri
1126 1198 1260 1283 accura-

184 1296 333 1370 tissimus
360 1325 489 1384 sermo,
526 1325 629 1395 quum
654 1297 862 1384 Maternum,
895 1314 932 1370 ut
967 1325 1065 1370 unaue
1090 1299 1262 1403 ingenium

184 1424 223 1470 ac
249 1397 395 1469 studium
428 1424 524 1468 suum
552 1396 595 1466 ad
622 1422 738 1466 causas
766 1395 913 1491 agendas
947 1414 1174 1486 converteret,
1209 1425 1262 1471 ex·

118 1580 121 1595 ι
184 1493 337 1568 hortatus
359 1512 426 1580 est,
454 1512 484 1567 ct
507 1493 651 1566 Materni
676 1521 739 1591 pro
766 1494 970 1566 carminibus
996 1495 1066 1567 suis
1090 1496 1188 1584 laeta,
1213 1512 1263 1569 ut·
1301 1512 1309 1531 ”

187 1620 253 1693 que
270 1598 390 1697 poetas
405 1593 541 1667 defendi
560 1591 710 1681 decebat,
733 1592 909 1664 audentior
925 1610 955 1665 et
969 1609 1146 1693 poetarum
1165 1622 1263 1697 quam

196 1774 200 1779 '
247 1762 317 1848 Cap.
339 1766 417 1825 XIV.
457 1767 618 1826 concitatas
639 1776 668 1824 et
688 1766 763 1825 uelut
781 1763 951 1846 instinctus]
982 1766 1063 1826 Haec
1090 1778 1161 1826 suut
1188 1766 1264 1829 rele-

185 1848 278 1910 r'enda
297 1848 333 1907 ad
356 1847 557 1910 audentiorem
579 1858 609 1906 et
626 1848 782 1928 poetaram
804 1869 894 1929 quam
923 1858 1074 1907 aratorum
1096 1848 1286 1915 similiorem,

186 1934 357 1991 strationem.
384 1926 446 1989 Cic.
466 1928 565 1987 Divin.
589 1931 609 2002 l,
632 1932 680 1988 31.
721 1929 820 1989 Furor
840 1930 1025 2010 appellatur,
1047 1952 1136 2011 quum
1160 1951 1182 1989 a
1202 1950 1266 1991 aar·

185 2033 257 2094 pore
279 2015 395 2070 animus
417 2010 583 2069 abstractus
606 2010 701 2068 diuino
730 2013 868 2070 instinctu
898 2014 1067 2071 concitatur.
1103 2011 1209 2085 Quint.
1229 2012 1288 2087 X,‘¹

110 2123 140 2171 .'
188 2096 218 2166 1,
246 2097 294 2152 90.
342 2092 478 2151 Lucanas
505 2091 613 2148 ardens
643 2103 671 2150 et
696 2095 857 2151 concitatus
886 2091 1001 2152 dicitur.
1045 2092 1103 2151 vd.
1129 2092 1268 2154 Doederl.

187 2173 250 2234 Las.
272 2173 387 2257 Synon.
407 2170 480 2229 Vol.
499 2172 520 2227 l.
540 2194 568 2252 p.
594 2176 659 2229 158.

191 2260 194 2267 '
271 2276 360 2336 quum
383 2254 537 2332 lipstanus
556 2248 717 2332 Messalla]
742 2252 880 2311 Vibcnius
901 2253 975 2313 cod.
996 2248 1175 2315 vet.⁵Ursin.
1197 2252 1269 2315 cot

133 2334 140 2352 ⁶
187 2337 274 2397 Foru.
301 2357 345 2416 ap.
371 2333 450 2414 Lips.
478 2344 507 2391 et
535 2332 691 2413 Scbluttig.
721 2343 750 2390 at
788 2334 934 2393 Urbnnius
964 2356 1007 2415 ap.
1036 2334 1161 2395 Bekker.
1196 2335 1270 2396 sicut

191 2415 266 2481 Cod.
287 2417 352 2476 Par.
380 2415 434 2474 Est.
462 2413 539 2494 Spir.
563 2415 697 2473 Urbanus
721 2410 795 2473 cod.
815 2416 903 2475 Vind.
928 2420 998 2475 vett.
1020 2417 1093 2475 Esld.
1118 2418 1271 2496 Vipsanius

189 2498 270 2579 Lips.
290 2496 409 2557 Picben.
430 2493 464 2555 al.
487 2498 653 2576 Vipstanius
673 2495 790 2553 Broter.
814 2498 970 2576 lipsianas
990 2497 1084 2580 Ryck.
1107 2500 1161 2557 lac.
1177 2498 1271 2559 Gran.

99 2625 100 2629 ,
189 2581 263 2640 Ern.
282 2590 424 2651 recente,
453 2576 531 2637 sicut
556 2597 664 2636 nomen
694 2575 831 2635 exhibent
859 2576 968 2657 lapides
983 2588 1034 2658 ‘ap
1055 2576 1159 2637 Ursin.
1181 2579 1202 2639 S
1224 2584 1272 2641 bn.

192 2662 314 2730 Gruter.
342 2659 389 2718 vd.
410 2657 527 2720 Watth.
549 2659 583 2717 ad
604 2658 683 2717 Anu.
705 2659 756 2730 XI,
777 2663 826 2717 23.
856 2658 951 2738 ttyek.
973 2660 1010 2719 ad
1031 2661 1114 2734 XlV,
1136 2664 1179 2721 1:
1199 2600 1273 2723 bch-

192 2741 279 2804 stein.
299 2740 436 2822 Prolegg.
460 2761 487 2819 p.
504 2741 559 2799 14.
1282 2746 1285 2753 '

271 2825 489 2902 suspicatusque
509 2840 548 2878 ea
567 2821 632 2898 ipsa
652 2821 808 2877 intentione
835 2822 1013 2894 singulorum
1035 2823 1175 2882 altiorem
1197 2827 1273 2886 inter

192 2923 242 2963 eos
261 2922 323 2960 esse
342 2898 522 2981 sermenem]
551 2900 714 2959 Intentione
735 2921 774 2958 sc.
795 2899 913 2975 vultus,
934 2914 1014 2961 recte
1035 2903 1127 2977 Erm,
1148 2925 1212 2965 nou
1232 2917 1275 2967 at-

192 2983 380 3045 tentione-ut
401 2980 533 3053 seluta,
556 3001 622 3039 uam
644 3000 679 3038 eu
700 2980 862 3060 improviso
884 2983 914 3040 in
933 2982 1100 3042 cubiculum
1120 2984 1275 3065 intrantes,

192 3065 246 3126 ubi
262 3064 361 3146 plures
384 3063 614 3142 colloquuntur,
637 3081 673 3120 ex
687 3061 755 3156 ipso
772 3082 875 3121 eorum
895 3063 978 3131 vultu
1000 3085 1184 3147 cognoscere
1204 3089 1276 3149 pos·

194 3170 313 3222 sumus,
342 3157 443 3205 utrum
464 3142 609 3204 derebus
641 3143 724 3202 seriis
747 3144 959 3224 gravibusque,
990 3167 1026 3205 an
1045 3147 1081 3205 de
1103 3146 1215 3208 iocosis
1235 3149 1277 3211 le-

193 3229 339 3307 vibusque
359 3236 454 3309 agant.
491 3223 591 3285 Altior
609 3223 627 3284 i.
652 3245 679 3303 q.
701 3224 839 3307 gravior:
868 3226 971 3300 Quint.
993 3229 1044 3303 lll,
1066 3234 1096 3303 8,
1118 3231 1168 3288 42.
1191 3232 1279 3292 altior

214 3313 336 3370 naenia.
495 3334 501 3341 ¹
1106 3332 1110 3336 ·

195 3334 214 3397 q
279 3391 419 3462 Minime,
442 3392 578 3460 minime,
602 3389 695 3468 inquit
713 3385 877 3462 Secundus,
899 3387 1099 3471 usqueadeo]
1121 3390 1184 3451 Pr'o
1200 3404 1279 3455 reete

196 3471 242 3533 bis
263 3470 363 3552 posito
384 3473 503 3529 minime
512 3469 549 3528 in
565 3466 658 3529 Codd.
680 3478 711 3527 et
730 3467 1039 3531 stannaturam.
1058 3472 1170 3531 Osann.
1188 3472 1279 3534 Orell.

197 3552 413 3626 exbibuerunt,
436 3552 516 3630 quod
540 3548 689 3630 aptissime
705 3547 844 3608 convenit
863 3551 1070 3612 interlocutos-i
1089 3553 1216 3615 alterurn
1232 3576 1280 3615 re·

197 3634 312 3695 sellenti
335 3633 496 3691 intentiore
521 3648 677 3702 sermone,
699 3650 788 3707 quum
807 3631 960 3692 Secundus
984 3655 1070 3716 aegre
1095 3633 1181 3710 serat,
1202 3639 1281 3697 Mes-

199 3714 299 3777 sallam
320 3714 416 3774 auimo
444 3712 618 3773 informasse
646 3711 835 3784 senteutiam,
866 3735 897 3772 se
918 3713 1064 3796 ingratum
1093 3715 1158 3776 lore
1181 3717 1281 3813 dispu-

200 3797 350 3870 tantibus,
385 3806 420 3854 ut
448 3794 523 3854 benc
557 3791 708 3852 annotavit
735 3791 882 3867 Eckstein.
931 3790 1035 3880 Aipue'
1055 3797 1131 3857 adeo
1159 3798 1284 3880 explicet

201 3882 291 3939 immo
311 3876 406 3935 Hand.
426 3877 515 3935 Turs.
534 3873 600 3932 Vol.
624 3874 694 3951 tp.
715 3877 783 3930 505.
1095 3904 1098 3909 -
1175 3898 1179 3905 -
1233 3914 1237 3923 .
1262 3898 1267 3903 -

203 4002 207 4009 .
283 3958 383 4031 laeta,
413 3965 501 4036 utque
519 3966 623 4036 poetas
650 3950 768 4030 diesendr'
787 3953 924 4030 decebat,
956 3959 1111 4018 audentior
1132 3968 1162 4017 et
1181 3969 1285 4041 poeta·

203 4062 270 4101 ram
299 4057 386 4120 quam
408 4047 558 4097 oratorum
585 4036 711 4093 similior
738 4020 851 4117 irratio]
887 4040 986 4098 Laeta
1005 4044 1103 4101 erano
1125 4051 1171 4099 cst
1191 4040 1285 4102 oratio

158 4164 160 4170 ,
204 4118 370 4204 pedestris,
390 4137 464 4196 quae
483 4118 519 4177 ad
540 4115 684 4198 poeticam
703 4117 836 4198 proxime
855 4121 974 4180 accedit.
1015 4122 1065 4183 Sic
1082 4120 1189 4191 ἄνθος,
1208 4126 1287 4185 avet
