2634 4656
481 276 583 374 Cap.
607 276 720 347 ΧΧῙ..
910 363 913 371 Ι
1092 291 1152 354 147

71 424 169 500 Bruti
195 454 260 528 pro
275 427 444 502 Deiotaro
470 456 549 524 rege
573 445 768 528 ceterosque
800 429 950 505 eiusdem
981 434 1152 515 lentitudi-

40 525 126 612 ‚nis
151 553 189 600 ae
215 528 339 626 teporis
364 527 471 617 libros
498 525 598 624 legit,
625 527 689 599 nisi
717 527 774 626 qui
802 542 834 602 ct
857 533 1001 605 cnrnrina
1029 566 1152 613 eorun-
1251 612 1258 620 „

70 624 149 698 (lem
169 626 316 719 miratur.
368 627 529 718 Fecerunt
557 627 645 700 enim
672 643 704 698 et
729 632 875 700 carmina
903 647 933 702 et
965 634 1001 704 in
1028 635 1150 712 biblio-

69 723 185 797 thecas
211 723 405 813 rettulerunt
431 753 497 797 non
525 726 641 799 melius
661 753 761 825 quem
777 727 894 800 Cicero
921 731 982 803 sed
1008 734 1149 826 felicius,

16 851 28 913 j·
70 823 152 922 quia
187 822 262 895 illos
296 823 416 896 fecisse
449 824 624 922 pauciores
658 825 776 898 sciunt.
834 827 973 901 Asinius
1002 861 1149 933 qnoque,

50 946 265 1020 -qnanqnam
298 922 516 1021 propioribus
551 924 759 1024 temporibus
788 941 886 997 nutus
919 928 984 1016 sit,
1018 932 1151 1007 videtur

68 1110 160 1174 quum
189 1100 243 1149 aut
275 1089 415 1150 Caesuris
438 1127 477 1139 -
498 1090 594 1157 'libros
622 1091 692 1165 legit
718 1101 807 1172 atque
835 1096 980 1170 miratur,
1018 1102 1077 1156 nisi
1101 1103 1151 1181 qui
1248 1109 1250 1118 '

69 1175 163 1231 etium
183 1176 317 1233 earmina
336 1172 495 1255 eorundem
520 1176 663 1240 minetur,-
685 1173 735 1252 qui
755 1187 789 1232 ut
802 1175 972 1252 particulam
995 1180 1148 1255 censalem,

20 1253 27 1269 ’
70 1275 163 1334 quum
182 1253 373 1313 antecesserit
398 1275 468 1313 nam
489 1265 519 1313 et
540 1251 736 1333 subsequatur
756 1259 848 1327 emm,
877 1255 998 1331 vitaret,
1020 1259 1051 1319 in
1070 1261 1149 1322 eliud

67 1343 222 1411 poteruntne
248 1332 465 1394 incommodum
490 1333 642 1407 inciderit,
671 1345 706 1392 ut
726 1333 770 1394 bis
789 1349 916 1416 poneret
935 1342 999 1397 nisi.
1046 1343 1149 1404 uerba

69 1414 117 1476 sic
141 1414 367 1496 interpretatur:
404 1416 460 1476 nisi
488 1416 566 1475 sorte
587 1415 743 1494 quisquam
766 1450 803 1460 ——
834 1416 927 1476 libros
954 1419 1043 1500 legit,
1072 1445 1147 1502 quos

68 1509 169 1558 unren
190 1519 276 1557 nemo
297 1497 370 1580 legit
391 1510 421 1557 et
444 1497 582 1570 miratur,
613 1495 669 1555 nisi
698 1497 748 1576 qui
775 1508 805 1555 et
832 1498 958 1560 carmina
987 1504 1148 1565 eorundem

68 1577 203 1639 nubatur.
251 1562 336 1638 hicet
355 1579 426 1637 mihi
447 1578 524 1637 nulla
547 1578 647 1636 harum
669 1579 902 1639 coniecturarum
924 1592 954 1639 et
972 1579 1163 1664 interprete--

65 1660 186 1722 tionum
207 1658 379 1734 satisfaciat,
408 1672 521 1732 tamen,
551 1679 635 1747 quam
656 1658 794 1718 medelam
817 1659 880 1738 ipse
906 1661 1044 1741 scriptori
1061 1666 1147 1729 edhi-

24 1810 30 1815 ,
66 1741 165 1817 ham,
186 1741 296 1816 neseio.
336 1742 414 1800 Num
433 1739 583 1818 nisisurte
604 1742 791 1820 quispiam—
823 1745 855 1799 ui
872 1743 926 1800 et?
965 1745 1147 1809 De'eoolns.

67 1844 119 1884 vv.
146 1827 299 1905 quisquam
321 1834 351 1882 et
371 1825 516 1905 quispiam
546 1821 592 1880 vd.
621 1820 716 1879 Klotz.
742 1821 777 1880 ad
799 1764 859 1881 gie,
879 1821 956 1882 Lael.
975 1846 1003 1905 p.
1026 1831 1081 1886 153
1103 1851 1147 1910 sq.

67 1903 341 1984 interpunctionem
362 1915 441 1964 certe
464 1902 506 1962 sie
533 1901 698 1961 mutandam
727 1900 845 1974 censui,
875 1915 909 1962 ut
930 1906 1018 1965 verba
1039 1909 1148 1970 Conce-

66 1985 178 2044 domus
194 2019 235 2032 -
258 1989 386 2043 miratur
405 2006 490 2042 urnam
511 1983 664 2063 periodum
686 1982 852 2058 efficerent,
881 1985 912 2043 in
935 2008 991 2065 qua
1015 1989 1147 2048 rrom⁰-‹

57 2065 201 2146 fatentur
219 2065 387 2146 parenthesi
406 2064 512 2125 inclusi
538 2077 569 2125 et
595 2075 663 2125 ante
683 2069 741 2123 nisi
767 2064 875 2142 colon,
901 2087 962 2126 non
992 2082 1146 2150 punctum,

64 2148 164 2231 posui.
572 2172 576 2181 ·
684 2146 689 2153 ’

120 2250 133 2268 ·
150 2229 279 2288 eiusdem
299 2226 478 2286 lentitudinis
500 2246 537 2286 ee
555 2225 681 2309 teporis]
711 2225 784 2289 Cot.
806 2228 892 2287 Farn.
912 2229 1092 2289 lentitudinis
1112 2251 1149 2292 no

68 2307 226 2392 temporis,
248 2310 327 2389 qnod
346 2308 378 2367 ti
400 2329 422 2366 s.
440 2320 469 2367 et
484 2307 560 2367 Pitlr.
574 2318 725 2368 mutarunt
744 2308 775 2367 in
796 2312 905 2388 teporis
924 2311 976 2390 (de
996 2332 1052 2387 qua
1072 2333 1148 2372 eoo-

67 2391 127 2451 ius.
149 2390 197 2451 vd.
220 2392 296 2452 Otto
317 2390 353 2448 ad
374 2330 434 2449 liic.
452 2387 515 2448 Cat.
534 2388 572 2447 hl.
593 2410 621 2469 p.
647 2386 831 2467 139.)‚1pro
853 2410 912 2467 qno
935 2391 965 2448 in
987 2388 1060 2450 cod.
1082 2394 1147 2452 Per.

30 2515 33 2519 -
60 2473 198 2533 *eiuschm
219 2471 374 2531 Lentidius
392 2480 426 2528 at
446 2473 595 2552 temporis,
616 2469 646 2527 in
665 2469 750 2528 vind.
772 2480 803 2527 et
822 2469 874 2528 Ed.
894 2471 971 2549 Spir.
992 2474 1167 2533 cuiusdam·

67 2554 105 2614 L.
121 2574 159 2612 ue
179 2563 211 2626 t,
225 2553 263 2629 jn
278 2552 350 2611 Edd.
366 2552 432 2609 Put.
449 2551 514 2610 niv.
530 2550 692 2610 cuiusdam.
721 2548 875 2608 Lentidios
894 2561 928 2610 ot
947 2557 1094 2631 temporis,
1115 2555 1148 2614 in

67 2635 142 2695 Edd.
163 2636 232 2699 Ber.
249 2633 312 2693 Ale.
336 2633 430 2692 tthen.
450 2631 517 2690 Ald.
538 2631 689 2690 cuiusdam
709 2631 781 2688 lenti
801 2632 917 2690 luminis
939 2653 977 2690 ae·
998 2639 1146 2712 temporis.
1246 2681 1248 2685 ι

69 2717 153 2791 Quid
174 2715 214 2774 sit
236 2715 377 2775 lentitudo
405 2733 443 2771 ue
471 2725 571 2794 tepor,
599 2712 709 2792 optime
737 2711 899 2792 explicatur
927 2711 1000 2771 Dial.
1021 2721 1070 2774 22.
1098 2738 1147 2776 vv.

68 2800 165 2859 lentus
184 2801 213 2856 in
230 2798 384 2876 principiis
403 2805 458 2853 etc.
502 2794 598 2872 Tepor
617 2806 647 2853 et
667 2797 821 2872 temperies
841 2793 1006 2875 significant
1024 2797 1147 2876 proprie
1206 2788 1216 2813 ⁹

67 2890 176 2938 etatum
197 2874 583 2958 interirigus'etealorem
601 2874 745 2947 medium,
773 2874 813 2933 ita
834 2886 951 2956 tamen,
980 2887 1015 2934 ut
1037 2877 1093 2938 hoe
1114 2879 1146 2939 in

67 2955 312 3039 bonam'partem
339 2967 516 3036 usurpetur,
545 2954 618 3014 illud
645 2956 677 3014 iu
701 2954 818 3014 melum:
846 2956 1043 3038 metonymice
1064 2969 1148 3040 tepor·

68 3040 107 3100 de
125 3041 276 3114 oratione,
308 3039 355 3098 cui
376 3037 457 3096 deest
482 3041 631 3117 oratorius
658 3041 738 3111 uigor
758 3035 877 3108 (Senec.
898 3038 952 3115 Ep.
977 3037 1079 3117 wo),
1114 3040 1146 3100 iit

68 3142 126 3201 qna
147 3134 249 3181 orator
269 3141 328 3179 non
350 3130 564 3191 commovetur,
585 3138 646 3177 non
661 3115 818 3177 incalescit.
837 3116 976 3176 Doederl.
992 3119 1053 3176 Lot.
1071 3122 1147 3202 Syn.

68 3201 138 3261 Vol.
161 3205 193 3261 ll.
214 3225 242 3283 p.
264 3208 322 3261 206
348 3222 390 3280 sq.
427 3201 497 3257 Ern.
519 3200 587 3256 Lex.
607 3199 703 3258 techn.
725 3199 785 3257 Lat.
809 3219 837 3277 p.
856 3203 926 3256 253.
966 3198 1070 3271 Quint.
1096 3204 1145 3277 Vl,

70 3286 173 3355 1‚·.4t.
200 3305 270 3342 num
292 3292 324 3341 ut
347 3293 391 3341 est
416 3281 501 3353 Iunge
530 3281 794 3338 vehementissimus
821 3280 888 3354 hie,
917 3302 1004 3362 quum
1025 3284 1149 3343 inuoluit

65 3363 213 3442 effeetus,
234 3367 294 3437 itu,
314 3367 343 3423 si
359 3362 434 3421 nihil
450 3358 556 3437 efficit,
578 3371 664 3440 tepet.
966 3402 969 3406 .

158 3449 295 3503 carmine
321 3479 362 3493 -
397 3442 445 3501 in¹
475 3441 647 3501 ibliotheeas
672 3437 863 3520 rettulerunt]
905 3436 951 3500 Cf.
978 3442 1149 3504 Weichert.

88 3535 160 3584 oett.
181 3527 256 3585 Lett.
278 3525 360 3602 reliq.
381 3544 409 3602 p.
432 3524 501 3582 294.
544 3523 599 3580 »Et
626 3532 759 3594 constat,
789 3521 920 3581 studium
952 3524 1071 3600 parandi
1101 3524 1148 3584 hi-

64 3546 229 3667 bliotheens
253 3628 284 3666 ec
305 3603 493 3685 possidendi,
525 3602 550 3661 si
573 3623 633 3661 non
662 3614 778 3675 ortum,
808 3613 1023 3663 certevauctnm
1045 3624 1147 3664 essee

65 3687 171 3748 Paullo
192 3687 337 3758 Aemilio,
360 3683 501 3746 Cornelio
517 3681 598 3743 Sulla
618 3696 649 3744 et
667 3681 809 3762 imprimis
831 3682 1003 3757 eLucullo,
1025 3696 1060 3743 ut
1080 3697 1151 3764 post
1234 3754 1237 3759 ¹

63 3769 139 3835 alios
168 3769 264 3831 fusius
285 3766 421 3849 probavit
442 3767 468 3823 T
471 3762 607 3824 horheclr.
634 3765 672 3823 de
693 3764 775 3823 Asin.
797 3762 871 3822 Poll.
892 3785 920 3841 p.
933 3768 979 3826 Ι,35
999 3785 1042 3843 sq.
1087 3769 1149 3826 Nec

63 3850 201 3910 dubitari
215 3853 331 3930 potest,
360 3848 431 3928 quin
453 3847 509 3904 iam
530 3856 596 3904 aute
619 3844 784 3904 Pollionem
805 3841 1056 3923 perhonorificum
1080 3844 1147 3907 ine-

64 3930 124 4006 rit,
155 3932 182 3992 si
204 3931 287 3991 euius
311 3930 419 4008 scripta
438 3927 468 3986 in
488 3926 609 4008 privetis
634 3927 692 3985 illis
713 3923 898 3995 bibliothecis
920 3941 1147 4004 reponerentur.

65 4012 139 4072 Eius
163 4012 208 4073 rei
228 4012 429 4071 testimonium
457 4007 676 4088 deprehendere
704 4006 774 4066 mihi
802 4005 906 4064 videor
928 4007 1004 4085 apud
1024 4007 1151 4079 Auctor.

64 4094 142 4153 llial.
160 4095 197 4158 de
216 4095 271 4155 Or.
288 4116 333 4174 cp.
354 4097 403 4151 21.
420 4101 448 4148 et
465 4086 772 4148 furmina-‘sciuerint
786 4123 788 4127 π
803 4087 831 4144 Α
845 4107 905 4166 quo
921 4108 983 4147 non
996 4101 1078 4151 recte
1091 4089 1157 4151 tie.

60 4175 159 4256 ,sentit
178 4175 286 4252 Beth,
307 4173 356 4237 coi
375 4171 487 4263 locutip
508 4173 539 4228 in
560 4169 750 4232 bibliothecas
769 4176 945 4228 rettulerunt
966 4171 1080 4251 tropice
1099 4191 1153 4231 ex-

844 4286 850 4301 .
869 4259 954 4323 ,ent
