2634 4656
121 278 166 342 36
445 272 603 357 Diaiogas
624 275 664 336 ds
687 270 876 339 Oratoribus

121 429 293 534 quoddam
321 428 409 502 sieut
438 428 548 529 ipsius
576 420 760 517 dictionis,
796 428 844 501 ita
869 424 984 524 gaudii
1009 424 1155 526 pondus·
1171 440 1201 499 et

121 531 323 617 constantim
350 530 418 601 sive
443 546 562 602 novam
580 545 611 600 et
632 546 798 601 recentem
816 554 930 601 euram
953 552 1025 599 'non
1048 526 1124 597 sine
1143 523 1202 599 ali-

121 660 188 732 qua
214 628 436 735 trepidatione
467 628 568 701 animi
594 620 755 716 attulerit,
790 628 866 731 ipsa
892 623 1085 699 sollicitudo
1111 651 1201 697 eom·-

116 756 231 858 profert
252 795 268 835 e
289 772 363 863 qu.
384 776 449 834 Vat.
472 777 560 833 1862.
590 793 715 852 eumque
742 771 837 832 secuti
857 770 968 831 Osann.
990 738 1086 832 Oiell.
1112 770 1200 833 nette

118 858 154 931 al.
180 854 315 938 proferre
336 855 410 917 cod.
431 859 496 915 Vat.
521 860 607 914 1518.
628 852 988 933 ostentaturus.
1028 853 1107 913 Plin.
1127 854 1199 936 Epp.

118 941 144 1013 1,
167 945 213 1000 16.
234 973 270 987 -
292 942 352 996 siae
377 937 524 995 meditata
543 941 602 995 sine
621 937 720 995 subita
736 934 893 1018 proferret.
926 932 988 995 Cic.
1013 934 1049 995 tle
1073 935 1157 996 Orat.
1176 937 1199 1013 1,

119 1026 171 1097 60,
193 1026 265 1081 237.
285 1019 382 1081 <utam
405 1027 435 1076 et
457 1018 572 1076 saclitas
591 1018 634 1075 ad
652 1021 822 1098 propositas
842 1036 951 1075 causas
971 1014 1200 1089 exercitationes

119 1112 149 1161 et
167 1110 331 1160 accuratae
351 1110 380 1158 et
400 1099 562 1157 nzeditatao
582 1103 841 1159 commentationes
860 1119 897 1155 ac
911 1099 996 1158 stilus
1014 1100 1066 1158 ille
1087 1102 1197 1159 tuus-‘-

119 1184 206 1241 multi
222 1183 340 1241 sudoris·
361 1191 411 1239 est.
432 1180 508 1247 llritl.
530 1187 581 1255 33,
606 1186 672 1239 150.
703 1178 784 1242 Nom
804 1184 832 1239 si
849 1180 977 1238 subitam
996 1189 1026 1238 et
1036 1178 1199 1259 stertuitam

119 1268 282 1323 orationem
304 1266 511 1322 comntentotio
538 1273 567 1321 et
587 1266 728 1336 cogitatio
748 1260 846 1340 facile
873 1265 977 1337 uincit,
1003 1262 1085 1321 hemo
1104 1266 1197 1359 ipsam

115 1345 248 1427 prosecta
276 1345 399 1404 assidua
420 1364 458 1404 ac
482 1344 604 1419 diligens
622 1348 772 1423 scriptura
797 1344 957 1425 superabit.
979 1375 1017 1389 -
1059 1344 1198 1405 Ammai-

118 1426 277 1488 vertendus
299 1438 345 1487 est
364 1423 504 1484 transitus
533 1448 550 1483 a
569 1424 674 1504 plurali
699 1429 769 1505 ipsis
791 1425 942 1485 orantibus
965 1425 1000 1483 ad
1020 1424 1198 1509 singularem

117 1513 177 1569 stne
201 1546 239 1557 -
256 1506 386 1586 profert,
416 1507 501 1566 sicuti
524 1520 625 1567 eontra
645 1508 675 1565 in
696 1506 757 1566 aliis
783 1505 856 1567 locis
877 1529 893 1567 a
913 1504 1055 1589 singulari
1076 1508 1114 1567 ad
1132 1504 1197 1591 plu-

117 1589 215 1649 ralem.
258 1587 319 1649 Cic.
347 1588 482 1648 Academ.
510 1590 545 1663 11,
578 1592 625 1647 tt.
674 1588 724 1647 Eu
755 1589 811 1647 laoc
840 1587 915 1649 illud
943 1589 989 1646 tn's
1016 1608 1071 1647 usu
1104 1592 1197 1649 uenire

116 1673 209 1746 solat,
231 1681 277 1741 nt,
304 1670 440 1750 quicquid
458 1670 604 1743 dixerint,
627 1690 648 1727 a
668 1670 842 1751 quibusdam
861 1674 1097 1743 interrogentur:
1117 1668 1197 1745 Ergo

117 1757 192 1813 istuc
212 1753 328 1834 quitiam
347 1754 501 1831 percipis?
538 1750 583 1813 Cf.
598 1751 759 1832 Wopkens
772 1752 866 1811 Leett.
880 1750 957 1811 Tull.
972 1773 1000 1831 p.
1021 1758 1071 1811 28.
1095 1751 1197 1827 Quint.

88 1851 93 1864 ·
117 1836 157 1910 X,
180 1839 208 1909 1,
234 1839 280 1895 16.
323 1834 449 1893 Excitat
469 1838 520 1915 qui
539 1832 612 1891 dicit
632 1837 738 1913 spiritu
757 1836 839 1911 ipso,
859 1855 912 1892 nec
931 1836 1062 1906 imagine
1083 1842 1114 1892 et
1132 1838 1197 1893 am'-

117 1917 178 1974 ln'tu
199 1938 315 1989 rernm,
335 1915 390 1973 seri
408 1916 494 1973 robus
513 1915 650 1973 incendit.
672 1951 710 1960 -
751 1914 816 1976 Nec
827 1913 955 1993 fortuna
976 1914 1072 1989 niodo·
1085 1914 1196 1989 indicta

116 1998 170 2057 sesi
191 2002 281 2056 etiam
309 2001 437 2077 ipsorum
468 2001 520 2077 qni
547 2007 634 2055 orant
654 1999 786 2076 pericnlo
807 1995 955 2075 afficimur
975 2031 1015 2041 -ν-
1039 1994 1095 2065 61)ἰ
1114 2018 1130 2058 a
1149 1998 1198 2079 qui

118 2078 191 2139 dicit
210 2079 352 2139 transitur
371 2078 405 2137 atl
426 2086 477 2160 qut
499 2088 586 2137 orant
604 2078 650 2136 vd.
664 2076 784 2137 Herbst.
807 2099 862 2138 nee
877 2078 906 2137 h.
927 2078 982 2137 loe.
1003 2078 1074 2138 Tae.
1096 2078 1196 2139 116166-

116 2182 191 2220 mor.
212 2161 274 2219 Liv.
290 2163 327 2236 ll,
349 2164 464 2233 45,11.
505 2160 671 2218 Fabianum
693 2181 817 2233 nomen,
837 2160 934 2219 Folia
952 2181 1042 2235 gens,
1066 2164 1197 2223 maxime

116 2245 228 2303 enituit.
249 2245 347 2301 moltr's
367 2242 497 2321 ciuilibus
519 2242 727 2300 certaminibus
745 2240 873 2319 infensos
895 2241 990 2324 plebis
1009 2246 1128 2302 animos
1145 2244 1198 2303 iiia

114 2345 216 2405 pugno
238 2325 295 2383 sihi
321 2325 514 2382 reconciliare
539 2332 681 2381 statuunt.
708 2322 777 2403 ibiq.
804 2321 1026 2383 Drakenborch.
1064 2324 1114 2385 De
1140 2322 1198 2385 liat:

116 2406 299 2547 graecorum
318 2428 376 2465 usu
396 2403 535 2485 loquendi
556 2405 604 2464 vd.
624 2404 796 2489 Bernhardy
820 2405 901 2465 wiss.
923 2406 1010 2489 Synt.
1032 2405 1063 2464 d.'
1076 2404 1196 2467 Grierlt.

160 2509 183 2546 r.
226 2490 320 2549 .419.
1021 2494 1024 2499 ’

138 2510 173 2605 P*
197 2510 240 2628 elit
268 2568 417 2651 quoddam
444 2572 520 2629 sicut
548 2571 640 2651 ipsius
662 2568 816 2643 dictionis,
846 2571 891 2627 ito
910 2568 1018 2644 gaudii
1030 2568 1198 2651 pontirtt'et

116 2648 301 2730 constantia]
329 2650 490 2709 „Gaudium
519 2650 645 2710 oratoris
668 2670 729 2709 non
750 2651 847 2711 minus
867 2672 1003 2732 maqnum
1025 2648 1197 2711 61616161-

116 2754 187 2792 uuna
205 2743 250 2791 est
263 2754 348 2810 qnam
367 2730 411 2792 vis
430 2743 459 2791 et
476 2732 597 2791 ellectus
621 2753 809 2812 eorumquae
830 2732 928 2792 dixit«
948 2733 1073 2813 Rupert.
1096 2732 1197 2809 'Quitl

117 2812 156 2873 sit
173 2815 288 2894 pondus
307 2813 439 2894 (pondus
462 2848 500 2860 -
522 2814 652 2894 pontlera
672 2812 714 2872 rei
736 2849 774 2859 -
793 2834 892 2873 rerum
914 2851 951 2863 -
972 2800 1137 2893 verborum
1157 2810 1196 2867 -'·

116 2896 328 2955 sententiarum
354 2895 401 2953 vd.
421 2895 557 2955 Bonnell.
579 2896 649 2954 Lex.
680 2895 805 2975 Quintil.
834 2918 857 2955 s.
878 2893 923 2977 v.)
950 2892 1025 2955 bine
1059 2894 1197 2979 exposuit

116 2974 234 3037 Ernest.
255 2978 324 3036 Le'x.
344 2976 421 3035 teeh.
441 2978 503 3037 Lat.
524 3000 548 3039 s.
565 3000 592 3037 v.
631 2978 851 3057 »Quaecunque
871 2976 1047 3059 singularem
1067 2976 1196 3061 gratita-

116 3069 195 3133 tem‚
220 3057 390 3140 dignitatem
410 3071 440 3118 et
460 3059 517 3119 vim
539 3058 647 3119 habent
668 3058 704 3119 ad
724 3071 837 3119 mentes
852 3058 1011 3119 movendas
1031 3058 1196 3139 percellen-

116 3140 243 3219 666666,
263 3140 398 3219 pondera
418 3141 575 3216 dicuntur,
596 3148 669 3221 quae
683 3162 743 3200 uun
759 3141 854 3200 solum
869 3141 957 3201 rebus
979 3151 1010 3199 et
1030 3138 1196 3217 sententiis,¹

116 3222 169 3283 sed
184 3218 281 3280 verbis
297 3221 383 3281 etiam
398 3222 571 3303 dicendique
586 3222 689 3283 somnis
706 3222 796 3282 tribui
811 3222 934 3282 solent«
954 3222 1077 3283 Pontius
1090 3222 1198 3299 gasat

115 3299 291 3443 {psallentius
313 3302 390 3363 sicut
407 3306 522 3386 pondus
537 3304 647 3384 santae
667 3303 815 3364 Claudiau.
840 3301 933 3365 stilic.
953 3306 1003 3381 111,
1025 3308 1074 3364 79.
1095 3304 1149 3365 ubi
1167 3324 1195 3366 r.

142 3394 216 3445 arti.

194 3467 254 3523 siae
279 3486 384 3525 nonam
412 3476 442 3525 et
467 3477 613 3527 recentem
642 3489 744 3529 curam
772 3491 829 3529 non
854 3473 918 3528 sine
937 3471 1040 3549 aliqua
1060 3466 1195 3547 trepida-

115 3549 313 3623 tione-animi
331 3547 482 3629 attulerit]
513 3550 573 3607 Pro
603 3554 719 3610 ammos
748 3548 841 3611 Codtl.
869 3562 899 3611 et
925 3561 997 3611 vett.
1013 3547 1099 3608 'Edu
1129 3548 1194 3611 teet

115 3640 196 3688 recte
211 3629 375 3688 emendavit
389 3629 531 3689 Pithoeus
550 3635 644 3690 animi
655 3645 804 3713 receptum
819 3654 835 3691 a
851 3654 931 3712 seqq.
946 3642 1065 3713 praeter
1079 3630 1194 3691 Dronlt.

114 3707 266 3773 Adiectisa
286 3732 376 3770 novus
395 3721 425 3770 et
452 3732 570 3786 recens,
600 3735 672 3791 quae
693 3736 778 3794 saepe
799 3715 954 3774 coniuncta
971 3713 1132 3795 leguntur,
1161 3722 1195 3775 ut

114 3787 182 3848 inlr.
203 3814 247 3871 ep.
270 3797 297 3850 8.
330 3793 406 3852 llist.
426 3795 477 3868 lV,
501 3798 547 3851 65.
575 3794 638 3852 Lir.
660 3796 785 3870 XXXV,
809 3802 874 3870 10.‚
897 3795 972 3854 bene
993 3794 1193 3855 distinxerunt

114 3870 225 3930 Manat.
246 3873 281 3931 atl
303 3869 364 3933 Cir.
385 3875 459 3953 Epp.
483 3874 518 3932 atl
538 3875 615 3932 Fam.
637 3877 689 3946 Xl,
712 3881 761 3935 at.
784 3878 922 3937 Doederl.
942 3877 1004 3935 Lat.
1025 3876 1100 3960 Syn.
1125 3874 1192 3937 Vol.

115 3951 164 4009 lV.
185 3974 213 4031 p.
235 3959 283 4011 83.
304 3959 342 4012 95
364 3976 406 4033 sq.
436 3956 562 4036 llerzog.
583 3957 617 4012 ad
639 3956 755 4015 Sallust.
778 3956 861 4017 Catil.
884 3965 932 4017 37.
959 3958 1050 4030 Kritz.
1071 3958 1107 4018 ad
1129 3955 1194 4018 Sal·

113 4029 182 4091 lnst.
199 4036 259 4112 lug.
274 4039 325 4106 75,
341 4041 369 4092 8.
410 4036 538 4097 »Nouum
559 4036 683 4113 dicitnr,
705 4040 783 4117 quod
805 4063 893 4118 quum
915 4052 998 4099 antea
1018 4060 1079 4099 non
1101 4050 1191 4116 esset,

112 4132 192 4173 nnnc
212 4113 324 4173 exstitit
345 4127 431 4196 atque
452 4129 512 4187 est;
535 4138 636 4178 recens
657 4142 752 4201 nuper
768 4122 883 4180 demum
905 4134 935 4181 et
955 4143 991 4181 ex
1011 4121 1095 4182 brevi
1114 4134 1191 4183 1616-

111 4213 185 4275 pore
203 4214 268 4256 esse
292 4197 406 4281 eoepit;
435 4198 508 4261 illud
528 4222 590 4260 rem
611 4200 745 4284 designat
767 4202 899 4263 inusitati
919 4214 949 4264 et
968 4202 1084 4275 insoliti
1098 4222 1190 4279 gena
