2634 4656
88 256 92 262 ’
198 254 262 316 112
518 253 737 336 Dialogusda
761 254 944 317 Oratoribus
1040 218 1043 223 -

193 407 270 479 nior
296 421 328 478 et
354 404 510 497 uberior,
534 408 583 480 sic
608 406 762 481 Graccho
787 407 924 509 politior
949 427 981 484 et
1006 411 1157 485 ornatior
1172 410 1265 483 Cras·
1292 402 1312 491 ,ἶ

195 586 292 645 lumen
312 585 493 666 eloquentiae
513 608 569 647 non
589 584 722 645 babent?
767 580 812 644 Cf.
835 583 897 647 Cic.
917 585 992 649 Cato
1013 589 1054 648 M.
1074 587 1222 649 Plutarch.
1240 597 1267 647 et

199 665 290 727 Corn.
318 666 391 744 Nep.
419 667 470 725 vit.
500 666 561 728 Cat.
589 665 715 731 Ellendt.
734 665 871 749 Prolegg.
891 691 918 749 p.
940 670 1006 727 xlx
1027 693 1069 749 sq.
1108 672 1267 730 Westenu.

197 749 235 809 G.
259 748 286 806 d.
308 769 331 805 r.
351 748 385 805 Β.
408 746 435 830 §.
451 756 593 810 23-27.
614 749 718 808 Krans.
739 760 811 807 vett.
835 749 902 810 hist.
925 752 1011 810 Rom.
1031 751 1098 811 viu.
1120 762 1152 810 et
1172 750 1267 834 fragm.

218 834 411 889 .89·-125.

195 854 214 934 B
279 910 311 969 C.
340 911 492 969 Gracchus
517 910 630 991 plenior
660 922 689 969 et
718 910 852 994 uberior]
896 913 951 971 Vd.
981 913 1056 972 Dial.
1082 908 1132 972 2'6.
1152 914 1203 973 40.
1239 910 1267 971 C.

198 994 387 1073 Sempronius
408 992 572 1062 Gracchus,
601 991 695 1050 multo
719 993 904 1074 ingeniosior
924 1005 952 1053 et
974 994 1164 1074 eloquentior
1185 994 1269 1053 fratre

197 1072 338 1145 Tiberio,
359 1071 390 1130 in
411 1093 470 1150 quo
493 1085 587 1131 tamen
608 1073 712 1132 melior
735 1097 816 1134 mens
840 1075 1035 1153 voluntasque
1057 1087 1137 1149 erat,
1165 1076 1202 1135 ad
1222 1097 1268 1135 cu-

199 1154 246 1214 ius
268 1165 392 1213 mortem
413 1152 605 1212 ulciscendam
628 1167 657 1213 et
672 1156 792 1215 consilia
808 1157 1007 1236 persequenda
1020 1157 1164 1216 excitatns
1185 1178 1269 1235 quum

199 1235 337 1296 triumvir
357 1235 433 1315 agris
455 1234 620 1294 dividuudis
640 1235 734 1296 sactus
759 1259 814 1317 pro
836 1239 900 1321 lege
920 1237 1032 1318 Papiria
1054 1250 1084 1298 et
1104 1250 1209 1297 contra
1232 1237 1269 1296 le·

191 1314 264 1399 'gem
285 1316 394 1376 lunium
416 1316 525 1374 frustra
553 1318 770 1392 contendisset,
807 1319 838 1378 in
858 1319 1020 1378 Sardiniam
1044 1318 1186 1398 quaestor
1207 1325 1269 1379 ott.

198 1402 236 1459 U.
248 1397 283 1459 C.
305 1397 411 1456 missus
433 1410 495 1471 cst,
514 1398 602 1469 unde,
624 1420 714 1476 quum
733 1412 802 1480 post
821 1401 970 1459 biennium
992 1401 1102 1461 inimici
1122 1421 1271 1460 suceesso-

198 1503 261 1541 rem
285 1479 401 1539 mittere
421 1479 554 1551 nollent,
577 1492 682 1558 sponte
708 1503 759 1541 sua
781 1502 796 1540 e
818 1482 969 1562 provincia
988 1483 1131 1542 decedens
1152 1485 1272 1542 Romam

201 1562 289 1622 rediit
311 1561 502 1639 orationeque
523 1561 558 1619 ad
577 1560 719 1640 populum
747 1561 842 1622 habita
870 1557 982 1623 r'editus
1012 1563 1059 1622 sui
1084 1560 1273 1644 inexspectati

199 1644 344 1704 rationem
366 1642 493 1701 reddidit
512 1653 541 1700 et
558 1654 707 1702 accusatus
731 1642 813 1723 quasi
833 1645 930 1704 socios
954 1643 1118 1704 sollicitarit
1139 1644 1273 1704 coniura-

198 1724 349 1802 tionisque
377 1722 562 1804 Fregellanae
591 1723 734 1804 particeps
768 1724 859 1784 suerit
885 1747 901 1784 3
926 1725 1037 1805 populo
1065 1726 1221 1787 absolutus
1247 1735 1275 1785 et

200 1806 337 1866 tribunus
365 1803 403 1885 pl.
432 1807 463 1863 in
490 1825 513 1862 3.
537 1810 604 1863 630.
631 1819 744 1865 creatus
770 1819 823 1865 est.
864 1807 897 1866 ln
922 1806 1075 1866 tribunatu
1103 1807 1184 1889 leges
1205 1827 1273 1888 pro-

202 1887 343 1983 mulgavit
362 1886 535 1966 populares,
571 1886 675 1965 quibus
706 1899 812 1946 statum
840 1889 884 1947 rei
908 1887 1040 1968 publicae
1068 1889 1141 1948 adeo
1170 1889 1275 1949 labefa-

202 1981 291 2031 ctavit
317 1980 470 2047 tantasque
498 1966 598 2026 turbas
627 1968 737 2043 movit,
773 1980 808 2027 ut
836 1991 861 2028 3.
893 1976 961 2029 633.
991 1970 1165 2030 auctoritate
1193 1991 1274 2030 sena-

197 2062 248 2110 tus
270 2049 305 2108 ab
327 2051 359 2107 L.
382 2048 500 2128 Opimio
524 2049 645 2108 consule
671 2049 896 2110 interficeretur.
936 2051 1129 2130 Praecipuum
1155 2072 1275 2111 snorum

200 2144 367 2211 temporum
396 2142 543 2189 oratorem
571 2130 662 2190 suisse
688 2131 865 2191 testimoniis
897 2129 1068 2206 Ciceronis,
1100 2130 1285 2207 Quintiliani

112 2254 121 2262 -
202 2213 241 2295 (Ι,
266 2219 313 2284 10,
336 2212 398 2287 27.)
428 2211 609 2290 aliorumque
637 2212 795 2286 docemur,
827 2235 917 2292 quum
941 2220 986 2273 17.
1017 2225 1103 2273 oratt.
1125 2214 1276 2295 einspan·

204 2316 253 2354 cae
276 2292 415 2372 reliquiae
436 2291 584 2372 supersint
611 2293 749 2353 collectae
778 2296 930 2376 ableyer.
952 2317 979 2375 p.
1000 2300 1187 2355 116-126.
1219 2296 1277 2357 Ex-

205 2374 298 2436 stabat
319 2385 467 2454 praeterea
488 2372 563 2432 liber
579 2374 767 2453 epistolarum
788 2377 823 2435 ad
843 2374 1026 2449 Corneliam,
1051 2397 1066 2434 e
1089 2376 1200 2458 regiam
1218 2396 1276 2437 mt-

202 2468 279 2516 trem
299 2455 419 2537 (Quint.
440 2460 462 2530 l,
487 2460 514 2529 1,
537 2453 580 2535 6.)
603 2457 783 2536 scriptarum.
824 2455 965 2517 Catonem
981 2398 1192 2537 Graccltosque
1208 2479 1277 2519 con-

202 2539 320 2598 iunctos
342 2549 644 2597 commemoraverunt
667 2537 771 2611 Quint.
789 2542 824 2610 11,
845 2545 875 2610 5,
899 2543 948 2597 21.
973 2542 1036 2611 Xll,
1060 2543 1108 2613 10,
1132 2544 1179 2599 10.
1206 2538 1277 2601 Plio.

187 2621 277 2701 -Epp
300 2623 321 2693 1,
343 2626 393 2694 20,
415 2621 443 2678 4.
486 2618 544 2676 llic
562 2618 610 2676 ille
632 2640 741 2678 mecum
762 2620 989 2678 auetoritatibus
1005 2623 1069 2693 ugit
1089 2640 1127 2678 ac
1150 2621 1225 2679 mibi
1243 2641 1278 2679 aa

205 2703 330 2761 Graecis
351 2705 498 2759 orationes
516 2700 624 2781 Lysiae
642 2710 781 2775 ostentat,
802 2722 840 2759 ex
862 2705 970 2760 nostris
993 2702 1202 2761 Gracchorum
1222 2701 1279 2762 Ca·

202 2787 343 2863 tonisque,
364 2803 484 2862 quorum
499 2801 571 2840 sane
584 2783 731 2862 plurimae
747 2792 814 2841 stent
834 2785 1023 2841 circumcisae
1043 2791 1071 2840 et
1086 2782 1206 2842 breues:
1228 2804 1278 2858 ego

201 2864 310 2945 Lysiae
333 2863 575 2935 llemostlrenem,
597 2862 791 2937 Aeschinem,
812 2863 991 2945 Hyperidem
1009 2865 1179 2944 multosque,
1192 2884 1279 2944 prae·

204 2954 303 3013 terea;
334 2945 478 3002 Gracchis
500 2955 529 3002 et
551 2944 658 3004 Catoni
675 2944 854 3017 Pollionem,
876 2943 1055 3019 Caesarem,
1077 2944 1234 3019 Caelium,
1251 2948 1280 3005 it

201 3029 306 3108 primis
334 3027 473 3085 Marcum
504 3025 629 3084 Tullium
658 3047 787 3107 oppono,
817 3029 898 3086 cuius
925 3029 1021 3084 oratio
1048 3029 1162 3105 optima
1180 3024 1280 3106 fitrtur

205 3128 268 3168 esse
290 3128 363 3189 quae
385 3117 527 3165 maxima.
566 3107 710 3166 Fronton.
731 3109 805 3187 Epp.
826 3110 875 3182 ΙΙΙ,
900 3109 947 3165 16.
967 3107 998 3165 in
1018 3105 1072 3165 Ed.
1092 3106 1189 3167 Orell.
1210 3106 1278 3167 Dia-

166 3182 171 3191 ’
203 3188 263 3270 log.
284 3209 312 3267 p.
336 3193 402 3247 127.
432 3199 567 3247 oratores
595 3199 721 3262 ueteres,
750 3210 874 3269 quorum
898 3198 951 3246 aut
975 3191 1063 3269 pauci
1090 3199 1145 3247 aut
1161 3198 1281 3271 practer

205 3266 347 3329 Catbnem
371 3279 399 3326 et
421 3269 584 3328 Gracchum
607 3291 690 3329 nemo
711 3270 812 3328 tubam
840 3269 954 3350 inflat:
980 3289 1078 3327 omnes
1098 3280 1201 3329 autem
1219 3290 1280 3329 mu·

106 3346 110 3357 '
201 3353 286 3424 aiunt
308 3351 352 3407 vel
377 3350 505 3408 stridunt
531 3355 637 3429 potius.
689 3348 750 3410 Cic.
777 3351 861 3409 Brut.
888 3356 938 3424 33,
961 3354 1027 3408 125.
1075 3350 1138 3408 Sed
1163 3370 1228 3411 ecce
1253 3352 1282 3410 ia

205 3430 339 3506 manibus
367 3434 410 3488 air
439 3442 467 3489 et
490 3435 746 3511 praestantissimo
768 3435 882 3506 iugenio
909 3441 937 3489 et
957 3430 1111 3512 flagranti
1133 3431 1235 3494 studia
1254 3438 1282 3491 cl

205 3511 346 3572 declusa
391 3531 478 3584 uero,
509 3510 540 3569 C.
559 3512 715 3572 Gracchus.
758 3512 829 3574 Noti
855 3515 930 3570 enim
953 3523 1078 3591 putare,
1107 3533 1282 3595 quenquam,

204 3595 316 3671 Brute,
342 3534 503 3672 pliniorem
530 3602 557 3651 ei
585 3593 748 3653 uberiorem
772 3595 814 3653 ad
829 3593 980 3652 dicandum
1000 3590 1105 3669 fuisse.
1140 3592 1197 3673 ,Et
1224 3594 1282 3666 itte,

205 3676 254 3735 Sic
269 3694 400 3756 prorsus,
420 3676 520 3755 inquit,
538 3677 685 3749 existimo,
707 3685 793 3756 atque
809 3679 896 3733 istum
917 3675 953 3732 de
974 3674 1173 3753 superioribus
1188 3692 1283 3756 paena

207 3756 396 3837 solum-lego.
437 3755 531 3813 Immo
548 3756 654 3834 plane,
683 3760 818 3837 inquam,
839 3757 948 3828 Rrute,
970 3756 1051 3828 legas
1079 3776 1201 3827 censeo;
1229 3756 1284 3815 tia·

206 3858 305 3896 mnum
326 3840 402 3894 euim
425 3837 503 3905 illius
532 3839 691 3893 immaturo
709 3840 838 3895 ‘interitu
867 3856 914 3894 res
934 3837 1089 3894 Romanae
1111 3838 1284 3919 litteraeque

206 3916 335 3977 Latinae
354 3915 501 3994 fecerunt.
524 3949 561 3958 -
604 3915 778 3998 Eloquentia
804 3917 918 3998 quidem
942 3920 1035 3976 nescio
1066 3937 1106 3974 aa
1134 3918 1285 3978 habuisset

207 4018 311 4080 parem
332 4001 483 4055 neminem.
525 3995 655 4054 Grandis
675 4007 718 4055 est
739 3998 840 4071 verbis,
860 4001 976 4079 sapiens
995 4002 1158 4075 sententiis,
1178 4017 1284 4075 genera

207 4088 270 4141 tota
288 4082 404 4152 gravis:
434 4097 538 4136 manus
558 4086 693 4135 extrema
712 4101 769 4149 non
790 4083 913 4138 accessit
934 4079 1067 4160 operibus
1088 4084 1169 4140 eius:
1194 4100 1284 4163 prae-

208 4160 291 4222 clare
312 4159 454 4219 inchoata
473 4158 577 4232 multa,
594 4155 729 4240 perfecta
747 4182 803 4220 non
821 4161 920 4242 plane.
960 4160 1133 4239 Legeudus,
1154 4165 1284 4244 inquam,
