2634 4656
438 302 464 344 ·.
504 269 582 353 cap.
608 270 701 336 rm.
741 262 747 271 ’
1096 276 1139 341 tr

44 429 149 511 ,enim
180 428 276 501 nouis
308 425 557 500 et'rcceutibus
585 452 685 526 quam
711 429 846 500 remotis
880 444 912 501 et
943 427 1140 504 oblitteratis

58 528 223 628 exemplis
258 532 352 624 utor)
386 552 455 598 non
489 524 599 597 dtinus
632 553 704 621 csse
735 527 770 598 in
803 529 955 600 extremis
987 530 1145 629 partibus

57 645 225 700 terrarum
277 653 354 698 uam
382 627 515 723 Capuae
543 642 600 696 aut
625 624 803 714 Vercellis,
836 627 897 698 ubi
928 630 997 699 nati
1022 629 1140 701 dicun-

56 743 123 799 tur.
176 655 332 801 Necltoc
355 725 422 798 illis
449 725 582 797 alterius
609 741 659 795 ter
683 723 802 796 millies
830 724 1017 805 sestertium
1043 757 1142 828 prae-¹

57 895 165 955 luerat.
210 895 328 969 Quanta
348 893 479 974 potentia
503 892 565 952 eius
587 893 692 968 luerit,
717 893 786 952 inde
806 908 942 974 apparet,
970 894 1050 976 quod
1069 888 1143 961 elle-¹

59 978 118 1050 cit,
151 988 188 1036 ut
210 972 302 1035 irater
322 975 428 1047 Vibius
455 976 608 1035 Secundus
636 976 864 1056 repetundarum
891 989 1041 1036 aecusatus
1063 977 1143 1051 ltalia

58 1059 231 1141 exigeretur
248 1079 302 1117 uec
322 1055 458 1140 graviore
477 1056 767 1137 poena‘asficeretur.
794 1057 929 1116 Alterum
951 1058 1013 1117 cius
1033 1070 1141 1138 poten-

57 1140 118 1200 tiae
148 1138 313 1220 exemplum
341 1151 404 1212 cst,
442 1140 522 1218 quod
549 1139 614 1219 ipso
643 1151 795 1199 accusante
823 1138 877 1199 sub
906 1138 997 1199 Galba
1024 1140 1141 1203 Annius

57 1223 193 1282 Faustus*
219 1240 327 1301 eques,
365 1219 416 1300 qui
449 1220 632 1300 temporibus
668 1220 796 1282 Neronis
832 1220 946 1280 delator
978 1221 1090 1298 luerat,
1125 1244 1143 1284 a

59 1315 165 1364 senatu
194 1303 427 1376 demnatus‘esm
456 1323 629 1382 quanquam.
647 1302 742 1383 ipsum
765 1300 902 1383 Crispum
930 1304 1043 1362 easdem
1064 1304 1143 1365 dela-

57 1385 159 1445 tiones
180 1405 247 1444 cum
265 1382 394 1464 praemio
416 1383 582 1444 exercuisse
603 1385 782 1443 meminerat.
803 1385 870 1444 Tac.
894 1383 972 1443 Ann.
989 1386 1069 1459 XlV,
1091 1394 1141 1447 28.

59 1467 141 1526 Hist.
163 1468 203 1540 ll,
219 1471 265 1526 10.
287 1467 338 1536 lV,
360 1468 408 1535 41.
431 1467 479 1524 43.
521 1469 549 1524 A
569 1465 688 1525 Vitellio
709 1464 841 1547 prodigis
863 1463 957 1545 epulis
976 1486 1142 1548 ganeasque

59 1546 209 1609 adbibitus
235 1559 288 1606 est.
320 1546 380 1605 Dio
404 1544 484 1607 Cass.
507 1548 600 1618 LXV,
622 1555 649 1606 2.
691 1547 760 1607 Fuit
779 1544 868 1607 bomo
890 1547 1001 1628 ingenii
1022 1547 1143 1609 iucundi

60 1642 91 1688 et
111 1628 253 1712 elegeritis
277 1628 376 1708 (cuius
397 1628 561 1687 iucunditas
587 1628 721 1687 laudatur
741 1628 845 1702 Quint.
867 1638 985 1709 quoque
1005 1631 1070 1706 ΧΙΙ,
1093 1637 1142 1708 10,

61 1709 147 1792 tt),
170 1709 261 1771 cuius
281 1709 373 1769 tacete
399 1709 474 1768 dicta
503 1708 683 1768 rettulerunt
710 1708 836 1785 Quintil.
861 1712 896 1783 V,
921 1715 969 1784 13,
990 1713 1039 1770 48.
1080 1712 1141 1772 Dio

60 1792 146 1854 Cass.
164 1790 183 1850 l.
204 1792 227 1850 l.
254 1803 283 1851 et
312 1792 402 1851 Suet:
426 1791 536 1849 Domit.
559 1797 586 1849 3.
633 1793 679 1850 De
710 1791 772 1849 eius
803 1789 969 1869 eloquentia
995 1793 1043 1851 vd.
1074 1792 1141 1854 inlr.

59 1896 106 1956 cp.
128 1878 192 1934 13..
217 1871 418 1949 Quintilianus
437 1871 537 1930 multis
559 1871 632 1930 locis
655 1871 742 1930 huius
763 1870 842 1930 Vibii
864 1872 1044 1932 mentionem
1064 1873 1142 1934 lecit.

59 1960 101 2033 X,
122 1961 153 2030 1,
178 1960 244 2014 tto.
286 1954 328 2015 Et
360 1952 457 2012 Vrbius
481 1954 602 2033 Crispus
634 1957 811 2035 compositus
831 1963 860 2011 ct
879 1954 1022 2014 iucundus
1041 1966 1070 2015 et
1091 1956 1143 2025 de-

59 2041 217 2098 le'ctatiorti
234 2038 337 2115 nctus,
358 2038 489 2117 'privatis
516 2046 616 2095 tamen
645 2039 743 2096 causis
773 2056 860 2117 quam
880 2036 1004 2115 publicis
1029 2039 1141 2098 melior.

56 2122 139 2195 vm,
160 2124 190 2193 s,
215 2123 261 2178 15.
285 2123 332 2177 17.
883 2146 886 2151 -
1125 2138 1129 2149 =

88 2226 108 2289 “,
142 2208 525 2297 iemolis'etodlitterutr's]
553 2216 685 2291 Remotis
706 2237 745 2277 sc.
767 2237 784 2276 a
809 2214 991 2297 temporibus
1019 2215 1144 2296 nostris,

60 2292 240 2373 oblitteratis
259 2297 278 2356 i.
300 2294 326 2378 q'.
351 2296 494 2357 oblivioni
513 2278 645 2374 tradilis,
673 2318 709 2362 cx
737 2297 889 2359 hominum
909 2296 1050 2359 memoria
1070 2298 1143 2359 sub-¹

59 2380 137 2463 latis,¹
167 2386 228 2460 cap.
249 2386 297 2439 22.
319 2389 351 2438 ut
371 2382 432 2437 iam
454 2380 626 2438 oblitterata
649 2389 677 2436 et
698 2381 816 2439 olentia.
856 2380 904 2439 De
923 2402 951 2438 v.
971 2379 1143 2441 oblitterare

61 2456 204 2523 {Tacito
223 2458 410 2540 frequentato
430 2461 467 2521 cl.
488 2454 635 2519 Boettich.
654 2458 723 2518 Lex.
744 2461 811 2520 Tac.
833 2483 856 2520 s.
877 2483 906 2522 tt.
940 2459 1045 2535 Quint.
1066 2464 1144 2541 t,-6,

60 2546 189 2637 ‘loginco
211 2547 312 2627 utique
339 2542 378 2601 ab
399 2544 509 2601 ultimis
537 2543 628 2600 etiem
652 2540 829 2600 oblitteratis
856 2538 984 2623 repetita
1003 2540 1144 2624 tempori-¹

61 2622 153 2686 bes
317 2626 319 2633 ’
347 2618 352 2627 ”
867 2622 869 2626 ’
1153 2680 1155 2685 .

43 2748 47 2761 .
146 2728 205 2766 non
225 2708 320 2765 minus
343 2700 406 2764 esse
432 2706 463 2762 in
492 2705 632 2762 extremis
650 2703 787 2784 partibus
816 2703 982 2787 terrarum]
1020 2696 1143 2785 Aliquid

62 2787 207 2851 excidisse
228 2786 391 2866 suspicatus
407 2785 535 2845 Ursinus
562 2776 741 2867 interposuit
758 2796 842 2845 notos
863 2798 930 2847 ante
952 2808 1015 2846 esse
1034 2800 1143 2869 recept.

62 2892 81 2931 a
98 2868 235 2943 Dronk.‚
262 2868 341 2948 Lips.
362 2878 447 2926 notos
466 2879 535 2948 post
555 2888 617 2926 esse
637 2878 746 2947 recept.
766 2867 801 2927 ab
822 2867 927 2927 Heum.
949 2869 1084 2946 Schuln,
1113 2862 1145 2930 at'

62 2951 149 3013 uncis
170 2950 315 3012 inclusum
336 2971 351 3008 a
370 2948 494 3009 Seebod.
517 2949 628 3009 Osann.
651 2948 761 3021 Orell3
784 2953 867 3011 nosci
884 2972 929 3030 pr.
951 2971 1014 3010 esse
1035 2971 1142 3013 econ-

62 3032 133 3094 iect.
159 3030 269 3093 Schelii
290 3030 392 3091 Oberl.
419 3042 449 3090 et
465 3032 547 3110 [unp.
571 3031 669 3089 ¹Locus
691 3051 746 3089 nec
767 3031 971 3111 supplemento
993 3053 1047 3093 nec
1069 3044 1144 3097 eon-J

63 3114 176 3185 iectura
195 3113 324 3196 indiget,
354 3112 443 3171 modo
465 3133 526 3170 esse
554 3120 633 3177 recte
655 3132 721 3170 cum
747 3112 894 3172 Boettich.
914 3112 1144 3194 interpretemur

63 3194 192 3270 'return
210 3196 328 3254 vivere:
356 3195 420 3252 iltre
439 3192 580 3252 Emistene
600 3195 645 3250 sei
665 3192 734 3253 dart
752 3194 822 3252 eben
841 3215 874 3253 so
896 3193 1029 3255 bekannt
1041 3198 1095 3255 mie
1113 3198 1144 3255 in

62 3272 177 3361 Caprea'
190 3277 263 3336 oder
283 3276 439 3334 Vercellae.

152 3364 307 3457 Vercellis]
339 3364 487 3434 Vercellae
507 3371 630 3432 suerunt
656 3369 845 3452 municipium
866 3371 897 3432 in
919 3373 1013 3433 Gallia
1033 3375 1145 3436 Transi

64 3445 175 3540 pedena
192 3454 230 3515 ad
258 3453 288 3515 fl.
310 3455 468 3528 Sessitem,
500 3454 589 3526 hodie
618 3454 742 3514 Vercelli
762 3454 793 3512 in
813 3475 884 3536 agro
905 3457 1141 3516 Pedemoutano:

63 3530 103 3600 cl.
123 3534 198 3598 Plin.
226 3538 264 3596 H.
292 3538 329 3596 N.
355 3539 403 3612 lll,
428 3543 475 3610 17,
496 3539 546 3595 21.
577 3534 670 3594 Tacit.
692 3536 806 3595 Histor.
827 3538 849 3610 1,
874 3543 922 3597 70.
961 3539 1039 3597 Uter
1066 3539 1143 3597 Ver·
1174 3592 1176 3597 .

65 3619 167 3695 cellis,
190 3629 259 3678 nter
280 3616 394 3698 Capuae
415 3629 500 3677 natus
520 3616 626 3688 suerit,
651 3637 712 3675 non
736 3628 861 3675 constat.
880 3619 956 3696 Rup.
978 3610 1145 3699 suspicatur

63 3700 191 3783 Eprium
213 3698 344 3780 Captae,
363 3699 483 3759 Vibium
503 3697 645 3758 Vercellis
665 3711 764 3757 natum
786 3697 903 3770 luisse„

147 3792 212 3854 Nee
232 3791 287 3848 ltoe
307 3790 365 3848 illis
385 3789 508 3848 alterius
527 3797 573 3845 ter
593 3788 698 3846 millies
718 3794 883 3848 sestertium
900 3786 1055 3870 praestat]
1083 3790 1144 3851 Hac

65 3872 162 3935 codd
191 3884 221 3932 et
242 3881 313 3929 vett.
334 3870 406 3929 Edd.
434 3869 561 3929 lectione
589 3889 650 3926 non
679 3870 889 3947 acquieverunt
917 3870 1065 3948 editores,
1093 3872 1144 3953 qul

65 3956 166 4015 locum
190 3952 324 4012 mutilum
345 3964 375 4010 ct
394 3953 566 4031 corruptum
588 3971 653 4008 esse
673 3950 728 4008 rati
749 3950 835 4010 variis
856 3951 1050 4028 coniecturis,
1072 3975 1143 4032 qua-

66 4059 136 4097 rum
155 4035 287 4116 potiores
308 4033 482 4108 asseremus,
511 4030 621 4092 frustra
640 4042 800 4090 tentarunt.
829 4033 908 4115 Lips.
930 4034 959 4092 in
979 4035 1032 4093 Ed.
1056 4037 1143 4109 1574,

23 4149 25 4153 v
67 4136 123 4179 rtee
148 4121 206 4176 boe
237 4117 312 4187 illes,
350 4116 472 4173 alterius
504 4123 550 4171 ter
581 4113 685 4173 millies
711 4118 894 4189 sestertiim,
930 4118 1054 4175 alterius
1080 4106 1144 4157 *l*

66 4208 225 4281 praestet,
259 4195 292 4256 in
326 4206 453 4277 posterr.
470 4194 529 4256 ,iris
556 4194 661 4252 millies
692 4192 732 4251 H.
762 4195 794 4255 S.
822 4196 901 4257 loco¹
918 4196 1141 4266 asteriscorum}
1201 4269 1208 4278 ·
