2634 4656
480 250 558 332 Cap.
580 250 764 317 XXVIII.
1087 254 1149 313 187

75 378 476 502 negligentia,parbnttrm
502 419 536 476 et
557 391 733 494 inscientia
747 401 1021 502 praecipientium
1040 412 1071 477 et¹
1088 403 1149 476 ob·
1171 462 1174 467 .

72 499 194 572 livione
218 502 321 573 muris
348 502 500 600 antiqui?
527 503 720 601 qttaemala
736 504 880 602 primum
906 502 1042 575 in‘u‘rbe
1061 521 1148 593 nota,

71 626 149 670 mox
174 627 236 698 per
253 598 379 672 ltaliam
397 601 491 690 fusa,
517 603 582 673 iam
608 603 642 674 in
658 601 846 701 provincias
863 618 1018 688 manant,
1043 630 1150 700 quana

35 724 39 738 “
72 725 172 795 quam
200 715 306 770 vestra
339 698 435 772 vobis
459 702 591 773 notiora
614 716 701 773 sunt.
744 701 834 796 -Ego
860 699 902 770 de
929 699 1015 771 urbe
1039 717 1071 772 et
1096 700 1149 772 his

68 797 219 894 propriis
248 824 287 870 ac
312 798 496 873 uernaculis
522 799 608 870 vitiis
634 799 772 898 loquar,
807 825 894 897 quae
918 815 1014 869 natos
1040 801 1148 872 statim

68 895 239 993 excipiunt
272 912 303 966 et
333 923 395 995 per
428 896 578 992 singulos
614 897 729 969 aetatis
757 896 896 992 'gradus
927 896 1147 984 cumulantur,

68 992 99 1063 si
122 992 219 1091 prius
245 992 287 1064 de
312 995 483 1067 severitate
505 1023 544 1067 ac
569 981 747 1094 disciplina
768 996 930 1066 maiorum
957 995 1045 1066 circa
1066 995 1148 1083 eduff

152 1122 307 1184 inscientia
324 1126 575 1208 praecipientium]
611 1125 658 1184 De
681 1112 846 1186 differentia
866 1146 915 1185 vv.
944 1104 1099 1185 inscientia
1120 1116 1150 1201 et

66 1193 427 1266 insecucutuernhard.
448 1207 484 1266 ad
508 1204 570 1267 Cic.
591 1206 691 1265 Parad.
734 1251 740 1265 .
762 1211 832 1266 298.
859 1207 987 1288 Herzog.
1002 1207 1043 1275 ¹ad
1065 1205 1148 1275 Caes,
1251 1259 1255 1274 ,

66 1286 104 1345 Β.
127 1287 166 1345 G.
185 1289 236 1361 ΙΙΙ,
257 1291 283 1346 9.
320 1287 395 1347 Otto
415 1289 538 1348 Excurs.
558 1291 620 1344 Vll.
641 1286 676 1352 ad
723 1287 758 1347 ic.
779 1287 863 1346 Fiun.
878 1291 901 1362 Ι,
918 1291 964 1346 14.
985 1308 1014 1365 p.
1032 1278 1092 1359 399
1104 1310 1148 1367 sq.

65 1366 154 1426 Haas.
182 1378 281 1426 annot.
311 1373 379 1430 1184
406 1369 441 1429 ad
469 1367 579 1450 Reisig.
607 1367 724 1428 Vorles.
754 1367 781 1450 ξ.
803 1375 851 1427 82.
889 1366 1148 1447 ¹Praecipiuntiurn
1231 1378 1235 1397 ¹

24 1464 26 1468 ·
65 1447 86 1506 i.
109 1470 135 1528 q.
153 1459 408 1527 praeceptorum,
440 1451 475 1508 de
496 1469 555 1529 quo
576 1456 633 1508 usu
661 1433 794 1529 particip.
816 1468 878 1528 ¹pro
897 1447 1089 1508 substantivis
1111 1449 1148 1510 cf.

64 1540 167 1588 annot.
188 1529 224 1588 ad
244 1529 318 1588 Dial.
340 1537 367 1589 6.
388 1551 416 1610 p.
438 1535 487 1589 35.
521 1529 705 1612 Praecipere
725 1531 743 1589 i.
768 1552 795 1609 q.
817 1529 925 1591 docere
944 1528 1150 1607 frequentatur

64 1630 82 1668 a
104 1599 231 1684 Quintil.
246 1614 282 1683 ΙΙ,
299 1616 329 1683 6,
347 1615 372 1669 1.
413 1613 485 1671 Fuit
503 1615 594 1669 etiam
617 1614 646 1668 in
667 1610 720 1671 buc
739 1611 883 1678 dr'oarsum
903 1613 1153 1692 praecipientium

61 1695 254 1772 propositum.
276 1695 338 1765 Xll,
362 1695 392 1767 1,
413 1695 462 1753 45.
501 1691 650 1773 Spalding.
672 1693 707 1751 ad
728 1696 790 1773 ΙΙΙΙ,
812 1697 843 1766 2,
865 1697 893 1750 7.
933 1691 979 1750 De
1001 1692 1147 1752 sententia
1199 1718 1200 1724 ¹

64 1771 104 1832 cf.
133 1771 172 1830 ib.
193 1775 264 1845 xit,
279 1776 328 1846 11,
351 1774 399 1833 14.
446 1772 507 1831 Sed
534 1775 620 1854 culpa
648 1783 692 1831 est
717 1778 747 1831 in
772 1773 1011 1853 praeceptoribus
1035 1777 1147 1853 prima,

63 1856 116 1936 qui
132 1853 255 1913 libenter
275 1853 414 1926 detinent,
434 1875 508 1934 quos
522 1864 749 1934 occupauerunt,
767 1857 880 1933 partim
898 1852 1060 1933 cupiditate
1079 1855 1146 1913 cliu-

63 1937 125 1993 tius
154 1933 303 2007 exigendi„
320 1936 520 2009 mercuriales,
552 1939 664 2017 partim
700 1936 874 2007 ambitione,
908 1955 966 2015 quo
998 1932 1149 2014 difficilius

62 2019 120 2155 αἶ,
145 2015 223 2097 quud
236 2017 429 2097 pollicentur,
448 2020 561 2096 partim
583 2020 673 2075 etiam
692 2019 855 2105 inscientiax
871 2011 1012 2075 tradendi
1032 2017 1077 2074 ael
1094 2023 1147 2076 nel

96 2099 215 2156 tentia.
1136 2121 1142 2129 ’
1177 2104 1179 2111 ’

11 2239 14 2245 ,
61 2117 220 2260 6¹6'quae
240 2178 323 2236 mala
343 2212 382 2222 -
404 2181 537 2258 manant]
558 2179 666 2239 Eadem
686 2178 811 2261 imagine
830 2176 903 2236 usus
925 2187 972 2238 cst
992 2175 1054 2238 Cic.
1074 2175 1147 2238 Phi-

61 2257 133 2339 lipp.
154 2262 179 2333 Ι,
200 2265 228 2318 2.
271 2258 369 2339 Quum
388 2272 519 2340 serperet
538 2266 568 2319 in
589 2262 660 2320 urbe
679 2259 823 2340 irfinitum
842 2260 953 2317 malum
973 2259 1059 2340 idque
1079 2279 1146 2318 ma-

62 2349 150 2398 naret
170 2343 202 2397 in
222 2339 284 2397 dies
303 2340 400 2405 latius.
423 2341 510 2401 Olfic.
527 2347 562 2416 tt,
583 2348 631 2400 23.
653 2341 871 2416 contagionibus
892 2340 1050 2414 malarum,
1070 2352 1147 2421 quae

61 2419 349 2562 (ἐὶαὲεᾱῗρνηοηίίε
374 2421 508 2501 prosecta
536 2431 696 2482 ntanarunt
722 2422 821 2481 latius.
850 2419 887 2480 el.
915 2408 1086 2481 Steinmetz.
1110 2412 1146 2480 ad

89 2501 125 2561 ic.
173 2501 232 2559 ati.
251 2505 278 2557 lt
307 2505 335 2560 5.
618 2521 619 2524 ’
846 2508 849 2512 '
1004 2506 1007 2511 ’

52 2568 57 2575 ’
151 2545 318 2664 quanqucim
346 2593 443 2642 cestra
470 2581 549 2644 uobis
579 2585 698 2642 notiora
724 2582 808 2660 sunt]¹
838 2590 935 2640 uestra
962 2580 1045 2641 nobis
1071 2578 1147 2667 de.
1222 2640 1224 2644 .

10 2698 12 2706 ν
62 2663 167 2736 Fara„
201 2665 231 2720 in
269 2682 328 2743 quo
357 2664 492 2723 Schraut.
522 2674 620 2723 cestra
654 2662 733 2722 aubis
759 2661 868 2741 legisse
895 2660 951 2720 sibi
978 2661 1060 2727 visus
1087 2673 1145 2737 est,
1235 2687 1240 2702 ¹·
1280 2672 1282 2677 ’

61 2743 142 2823 quod
169 2754 263 2803 exstat
290 2743 322 2801 in
352 2742 445 2805 Codd.
474 2744 651 2804 Par.·Vind.
681 2745 754 2804 Edd.
775 2743 853 2823 Spir.
873 2744 941 2802 Put.
963 2742 1029 2802 Riv.
1051 2734 1142 2802 Bekls.

60 2822 209 2884 Boettich.
238 2823 344 2897 Bach.;
385 2836 487 2884 nostra
515 2826 592 2886 uobis
619 2823 713 2885 Codd.
747 2825 856 2883 Vaticc.
884 2823 958 2882 Edd.
985 2824 1053 2882 Ber.
1080 2823 1143 2883 Ate.

60 2904 188 2978 Drouk,
209 2914 310 2964 nostra
331 2907 414 2965 nabis
434 2907 534 2967 Rhea:
549 2906 704 2987 probatum
726 2904 875 2986 plerisque
896 2903 968 2962 Edd.
985 2903 1073 2964 Bach.
1096 2904 1145 2963 lo-

62 3007 130 3046 cum
151 2984 335 3066 distinguens
364 3008 531 3070 quanquam
562 2999 659 3066 uestra
681 2988 759 3046 uobis
779 2984 901 3053 notiora,
915 2994 1000 3057 sunt,
1029 3005 1082 3058 ego
1098 3000 1142 3041 ·-·-.

61 3065 199 3147 suppleto
221 3077 320 3125 tamen
339 3066 391 3147 (de
407 3090 462 3149 qua
478 3067 573 3150 ellipsi
589 3067 726 3149 exposuit
746 3067 781 3127 ad
799 3066 876 3125 Hist.
897 3069 922 3138 Ι,
943 3069 1007 3145 83.)
1019 3066 1072 3124 sic
1092 3085 1144 3124 ex-

59 3147 165 3230 plicat:
196 3148 376 3227 uquanquam
403 3149 500 3208 omnia
521 3170 594 3230 quae
617 3151 651 3208 ad
672 3160 797 3211 vestram
820 3157 941 3219 aetatem
963 3158 1049 3227 atque
1071 3166 1144 3225 coo-

60 3229 206 3288 dicionem
227 3239 359 3308 spectant
377 3229 463 3289 vobis
485 3231 554 3290 satis
575 3242 644 3288 nota
661 3241 748 3302 sunt,
770 3248 825 3310 ego
843 3234 940 3288 tamen
959 3259 994 3272 ·-
1014 3227 1144 3307 loquaris
1231 3242 1260 3285 ·,

61 3309 221 3391 Sigraisius
242 3308 375 3369 volebat:
406 3311 554 3391 Quoniam
574 3321 677 3387 nostra
697 3310 780 3369 nobis
802 3342 839 3354 -
861 3318 945 3384 sunt,
967 3329 1039 3383 ego,
1065 3308 1145 3386 quod

59 3389 217 3473 probatum
247 3390 385 3449 Lamallio
403 3395 451 3451 'et
479 3391 572 3452 Orell.
600 3412 655 3451 nec
689 3390 761 3450 mihi
790 3387 1143 3471 displicet.·Seebodius:

17 3515 21 3520 -
60 3473 247 3553 Quamquam
269 3481 372 3530 nostr‘a
391 3474 474 3531 nobis
498 3507 536 3517 -
557 3484 642 3541 sunt:
665 3492 727 3547 ego.
839 3485 858 3497 ·’
1143 3488 1145 3494 ·

62 3621 64 3624 ,
142 3552 189 3610 bis
206 3555 335 3634 propriis
356 3573 392 3612 ac
414 3555 577 3627 uernaculis
598 3555 683 3632 uitiis]
718 3552 793 3612 Dial.
815 3557 864 3612 29.
890 3553 1018 3632 propria
1035 3567 1073 3606 aa
1091 3568 1144 3630 pe-

60 3632 188 3694 culiaria
216 3634 302 3692 buius
322 3634 402 3693 urbis
431 3638 510 3694 uitia.
564 3635 738 3694 Vernaculus
760 3633 827 3713 tq.
858 3634 968 3692 Romae
991 3641 1074 3688 natus
1096 3629 1143 3687 vd.

58 3713 271 3788 Tendunt,
294 3718 342 3772 31.
370 3717 528 3775 uernacula
548 3715 712 3775 multitudo.
741 3712 939 3774 stettin-H.
959 3711 1094 3784 N.·x1v,
1116 3716 1144 3768 2.

59 3798 132 3855 uites
147 3795 312 3878 peculiares
331 3805 419 3878 atque
440 3797 617 3855 uernamlae
633 3796 751 3855 Italiae.
845 3866 847 3871 Α

142 3877 338 3954 cumulantur]
376 3878 397 3935 Ι.
424 3897 449 3936 e.
484 3871 647 3958 augentur,
678 3886 823 3959 crescunt.
849 3871 912 3931 Lir.
938 3874 988 3943 ΙΙΙ,
1013 3874 1060 3928 12.
1087 3886 1145 3928 non

59 3948 198 4016 iterando
219 3955 338 4029 laudes,
360 3977 396 4016 ne
416 3960 579 4018 cumularet
598 3957 746 4017 inuidiam.
769 3954 818 4014 3'7.
840 3954 991 4013 cumulare
1011 3953 1144 4030 iniurias.

143 4040 301 4109 seueritate
314 4057 360 4110 ,ac
382 4036 549 4120 disciplina]
583 4037 662 4096 lutra
682 4037 713 4096 h.
732 4057 777 4119 op.
805 4036 960 4115 disciplina
981 4052 1019 4092 ae
1036 4033 1145 4091 seueri-

59 4130 117 4181 tas.
137 4124 187 4180 29.
214 4121 369 4177 seueritate
390 4118 569 4200 disciplinae.
597 4119 698 4179 Germ.
719 4121 769 4178 25.
797 4117 873 4176 disci
892 4118 953 4174 lina
981 4122 1010 4172 et
1031 4115 1146 4196 ¹seueri·

61 4209 134 4261 tace.
173 4200 220 4261 De
240 4197 338 4280 specie
357 4199 469 4284 figurae
488 4206 515 4259 te
535 4203 581 4260 aa
601 4205 678 4261 δυοῖν
697 4196 793 4301 clxad
812 4139 889 4257 Dias
911 4200 936 4255 1.
961 4192 1074 4274 Rigler.
1093 4213 1145 4250 sn-
