2634 4656
403 268 406 273 ·
505 231 584 314 cap.
609 232 703 295 Vnt.
1107 238 1150 300 ea

59 399 130 454 tam
156 381 432 497 Herculequam
459 379 593 455 divitiae
625 399 658 455 et
688 359 788 482 opes,
824 409 907 482 quas
938 383 1068 460 facilius
1093 387 1148 462 io-

59 481 177 554 venies
204 482 262 580 qui
289 499 454 581 vrtuperet
478 508 578 582 quam
606 483 664 581 qui
689 481 846 573 fastidiat.
905 483 966 555 His
987 485 1091 583 igitur
1115 505 1150 563 et

59 579 251 667 bonoribus
275 597 308 653 et
333 580 537 655 ornamentis
564 597 597 654 et
623 579 837 655 facultatibus
860 580 1000 657 refertas
1026 583 1146 662 domos

61 706 180 752 eorum
204 679 375 768 ridemus,
410 681 468 780 qui
493 707 531 754 se
557 679 599 753 ab
626 681 761 753 ineunte
787 679 1009 756 adolescentia
1034 685 1146 777 causis

59 777 258 852 forensibus
282 797 314 853 et
339 779 485 853 oratorio
507 778 619 853 studio
643 777 817 853 dederunt.

60 966 98 1009 ex
133 946 255 1029 ancipiti
282 945 389 1008 roo'rbo
424 946 641 1025 convaluerat,
669 958 792 1009 statuam
825 969 892 1010 aere
924 948 1033 1012 collato
1066 952 1149 1016 iaxta

60 1029 181 1114 signum
201 1028 369 1111 Aesculapii
387 1041 554 1090 statuerunt
573 1030 621 1089 vd.
641 1030 723 1091 Suet.
738 1030 814 1111 Aug.
830 1036 880 1090 59.
922 1033 1030 1095 Orbilii
1048 1056 1147 1118 grum·

58 1108 160 1173 roatici
182 1122 276 1173 statua
295 1111 459 1173 beneventi
481 1111 691 1173 ostendebatur
718 1111 749 1172 iu
773 1111 940 1193 Capitolio,
973 1138 1147 1193 marmorea,

58 1193 165 1269 babitu
194 1194 322 1254 sedentis
343 1216 376 1253 ac
395 1193 504 1275 palliati
531 1193 672 1275 appositis
704 1193 821 1255 duobus
848 1195 964 1256 scriniis
993 1199 1041 1273 vd.
1061 1198 1144 1260 Soet.

60 1276 98 1337 de
120 1275 229 1335 illustr.
251 1275 379 1337 Gramm.
401 1281 449 1352 9.,
483 1278 579 1336 Verrii
603 1277 706 1337 Flacci
730 1277 910 1372 grammatici
936 1281 1097 1343 Praeneste
1113 1279 1147 1343 in

59 1356 131 1419 loro
151 1355 222 1417 ibid
241 1363 288 1418 17.
328 1359 434 1440 Magoa
453 1370 550 1418 autem
571 1370 634 1418 erat
655 1358 814 1418 multitudo
836 1370 997 1419 statuarum
1017 1363 1147 1443 lmpeta·

58 1439 179 1511 toribus
209 1441 372 1520 positarum
397 1440 445 1499 vd.
466 1440 548 1499 Suet.
568 1440 646 1522 Aug.
667 1445 716 1500 52.
746 1439 804 1501 Tit.
825 1442 854 1500 4.
894 1440 1054 1521 Pleraeque
1084 1454 1146 1505 ste-

58 1532 134 1582 tuae
149 1520 181 1580 iu
201 1521 269 1580 loro
287 1521 427 1581 solebant
445 1521 535 1601 poui;
565 1520 648 1581 locus
669 1522 700 1581 iu
718 1521 845 1596 rostris,
875 1521 905 1581 iu
927 1521 1074 1604 Capitolio
1095 1536 1147 1586 aut

58 1601 93 1663 ia
112 1602 232 1684 templis
252 1601 398 1662 illustrior
418 1614 498 1679 erat,
529 1602 580 1662 ubi
601 1624 773 1686 magnorum
797 1603 929 1663 virorum
951 1617 1062 1666 statuae
1084 1606 1163 1666 eri·⁴

58 1684 216 1769 gebautur.
245 1685 292 1744 rd.
313 1685 434 1743 Hotom.
461 1695 492 1744 et
512 1683 632 1744 Abram.
660 1685 695 1745 ad
725 1683 786 1745 Cie.
814 1707 859 1765 pr.
886 1684 986 1745 Rabir.
1013 1689 1147 1749 Postum.
1245 1712 1254 1724 ⁸

58 1788 107 1863 ep.
125 1771 180 1862 ⁰10.
221 1764 250 1825 Α
276 1766 399 1847 privatis
426 1766 538 1826 sutuae
567 1765 755 1848 ponebantur
780 1763 879 1826 amieis
909 1765 941 1827 in
968 1767 1147 1849 porticibus,

58 1846 249 1908 bibliothecis
270 1860 326 1908 etc.

144 1957 210 2006 tam
225 1944 458 2028 Heracle-eptam
476 1944 596 2005 divitiae
614 1956 644 2007 et
662 1943 746 2027 opes]
769 1944 908 2027 Exempla
923 1944 1067 2006 formulae
1081 1957 1147 2007 tam

58 2026 191 2088 Herode
210 2047 298 2109 qnam
318 2025 354 2107 (i.
370 2047 397 2105 q.
419 2025 588 2106 perinde-
602 2047 694 2106 acque
710 2027 757 2107 ac)
782 2039 896 2088 exstant
910 2027 984 2088 Dial.
1001 2032 1050 2088 26.
1066 2027 1146 2107 Plio.

59 2109 137 2190 epp.
158 2110 209 2181 vt,
230 2112 278 2182 19,
299 2113 327 2167 6.
367 2107 498 2167 Proinde
516 2111 545 2171 si
561 2112 688 2190 poenitet
706 2121 736 2170 te
755 2109 924 2171 Italicorum
945 2110 1147 2192 praediorum,

58 2190 115 2251 boo
135 2189 281 2249 vendendi·
302 2188 414 2270 tempus
435 2201 499 2249 tarn
520 2189 647 2250 Hercule
674 2211 763 2272 qaam
791 2195 821 2250 in
846 2195 999 2273 prouinciis
1027 2211 1146 2274 compa-

58 2270 161 2332 randi.
196 2270 238 2331 lb.
258 2272 298 2345 X,
321 2276 373 2346 64,
394 2277 423 2331 3.
463 2270 567 2345 Quint.
590 2274 613 2347 l,
642 2278 673 2345 2,
695 2275 723 2332 4.
761 2273 855 2333 Haud.
882 2274 971 2333 Turs.
999 2271 1066 2331 vol.
1096 2273 1145 2333 ΙΙΙ.

57 2374 89 2435 p.
106 2357 162 2413 69.
203 2354 376 2436 Synooyma
402 2352 612 2413 consociantur
637 2374 705 2435 opes
732 2364 819 2436 atque
846 2354 966 2415 divitiae
993 2352 1073 2413 Flor.
1093 2354 1146 2431 ΙΙΙ,

61 2440 114 2509 12,
136 2439 164 2493 7.
186 2455 202 2494 o
222 2455 253 2494 es
272 2445 302 2494 et
321 2433 442 2493 divitiae
461 2434 563 2494 lustin.
583 2436 607 2509 Ι,
631 2440 658 2493 7.
696 2432 802 2494 Cicero
823 2432 894 2494 baec
915 2432 1056 2495 vocabula
1083 2433 1146 2494 dis-

59 2515 158 2577 crerit
212 2537 228 2574 e
257 2514 347 2575 *Fion
376 2517 416 2591 V,
442 2521 492 2574 27.
543 2515 630 2575 Certe
657 2519 687 2573 in
715 2515 795 2574 bonis
821 2516 989 2574 numerabis
1016 2515 1146 2592 diuitias,

59 2598 202 2671 bonores,
220 2616 296 2676 opes.
324 2594 401 2655 Lael.
426 2601 453 2655 6.
497 2596 621 2657 Ceterae
648 2616 696 2656 res
721 2607 898 2677 opportunae
925 2607 992 2656 sant
1011 2597 1146 2670 singulae

58 2678 148 2739 rebus
146 2676 232 2819 uicem
249 2679 390 2754 singulis,
415 2677 536 2738 diuitiae
556 2689 588 2738 at
608 2689 712 2754 utare,
741 2697 808 2758 opes
828 2689 861 2737 at
880 2679 996 2755 colare,
1023 2678 1146 2741 bonores

59 2771 93 2822 ut
112 2760 144 2819 lo
203 2778 244 2818 re.
1070 2780 1074 2785 ”

57 2872 79 2915 ·.
151 2844 192 2904 ab
214 2847 335 2904 ineante
361 2840 574 2924 odolescentia]
612 2845 651 2903 ab
677 2847 792 2904 ineunte
818 2856 919 2909 aetate
946 2844 1146 2906 adolescentia

57 2922 252 3005 CoduFarn.
296 2923 409 2984 Contra
437 2925 603 3001 Ecksteiu.·,
637 2925 688 3004 qui
717 2936 797 2985 recte
824 2939 924 2987 aetate
949 2947 1006 3007 pro
1033 2925 1145 2986 addita·

58 3018 165 3068 mento
183 3006 305 3066 inficeto
326 3006 433 3079 babet,
462 3009 611 3070 Peterson.
632 3007 662 3064 in
683 3005 769 3086 Spes.
789 3009 824 3066 ll.
854 3007 1001 3081 0bservv,
1021 3007 1052 3065 in
1073 3008 1143 3067 'lae

58 3110 90 3171 p.
118 3092 169 3148 21.
202 3086 387 3162 observavit,
415 3087 472 3147 sibi
501 3100 602 3148 contra
630 3087 703 3149 nihil
735 3088 843 3148 certius
871 3100 901 3147 et
929 3088 999 3148 artis
1026 3087 1144 3148 criticae

58 3168 224 3252 praeceptis
245 3168 469 3229 convenientius
488 3169 585 3235 videri
603 3170 687 3247 quam
712 3180 833 3248 putare,
855 3170 1028 3235 abineunte
1042 3177 1144 3227 aetate

58 3272 161 3312 seram
180 3250 274 3310 Taciti
293 3251 467 3331 scripturam
487 3271 568 3322 esse,
593 3250 641 3311 cui
660 3249 764 3329 aliquis
784 3251 979 3325 adolescentia
994 3260 1029 3311 ut
1049 3249 1143 3307 inter-

173 3342 275 3391 eutum
297 3332 328 3390 iu
354 3333 484 3415 margine
504 3331 663 3404 addiderit,
692 3331 772 3408 quod
797 3342 900 3411 postea
927 3330 958 3389 in
979 3330 1143 3390 orationem
1195 3387 1202 3395 ,

57 3412 224 3494 irrepserit.
273 3412 324 3472 Sic
344 3411 406 3472 Cic.
435 3413 496 3473 Oll.
526 3415 549 3487 Ι,
577 3419 624 3474 32.
653 3417 768 3471 ineunte
793 3412 997 3474 adolescentia.
1016 3446 1054 3458 —
1092 3411 1142 3472 Ad

58 3493 91 3555 b.
111 3494 133 3553 Ι.
151 3493 357 3554 illustrandum
376 3493 445 3555 lacit
467 3493 592 3573 Quintil.
613 3495 678 3566 Xll,
703 3497 751 3565 11,
773 3499 822 3553 29.
863 3493 951 3553 Adae
975 3493 1052 3576 quod
1074 3513 1141 3552 ma-

56 3597 133 3654 gnos
157 3576 271 3636 modica
292 3597 400 3658 qnoque
428 3577 589 3657 eloquentia
610 3578 692 3659 parit
712 3571 845 3653 fructus,
875 3596 911 3634 ao
933 3578 961 3634 si
986 3578 1049 3657 qais
1069 3574 1142 3634 haee

56 3656 162 3719 media
186 3658 315 3718 utilitate
341 3658 407 3717 sola
433 3650 605 3728 metiatur,
631 3676 726 3739 paene
756 3657 800 3715 illi
830 3653 978 3738 perfectae
1002 3674 1061 3735 par.
1088 3665 1142 3714 est.

58 3739 164 3822 Neque
182 3749 250 3798 erat
269 3736 387 3818 difficile
414 3740 459 3797 rel
482 3737 623 3798 ueteribus
649 3739 693 3797 ael
712 3741 790 3797 noeis
815 3738 955 3818 exemplis
971 3737 1074 3816 palam
1085 3733 1142 3812 sa-

59 3840 148 3894 cere,
174 3841 230 3881 aon
253 3819 372 3880 aliunde
399 3823 526 3893 maiores
552 3841 636 3894 oet,
665 3819 803 3892 bonores,
833 3819 996 3891 amicitias,
1023 3814 1141 3876 laudem

56 3908 261 3985 praesentem,
284 3899 423 3980 fisturom
455 3844 616 3961 dominiius
641 3903 812 3974 contigisse:
846 3902 874 3959 si
899 3910 998 3958 tamen
1023 3897 1141 3972 dignum

59 3984 170 4044 litteris
189 3991 282 4057 esset,
309 3982 347 4040 ab
368 4002 454 4061 opere
474 3984 685 4064 pulcherrirna,
710 3987 789 4042 cuius
807 3991 952 4050 tractatus
971 3989 1056 4061 atque
1076 3983 1142 4061 ipsa

56 4066 202 4148 possessio
233 4064 434 4146 plenissimam
459 4064 564 4123 studiis
599 4066 732 4138 gratiam
760 4061 872 4141 refert,
902 4062 977 4120 laona
1002 4065 1142 4120 reatorem

60 4149 185 4222 eaigere
203 4145 366 4208 mercedem
386 4164 466 4207 more
484 4166 601 4219 eornm,
626 4147 676 4226 qai
695 4163 717 4205 a
732 4165 765 4206 se
784 4167 841 4206 non
860 4146 1002 4215 virtutes,
1024 4141 1079 4211 sed
1096 4161 1144 4200 oo-
