2634 4656
537 270 687 356 eapV.
754 290 757 297 ·
840 270 842 275 '
1110 278 1155 338 ts
1216 282 1243 382 ἰ

68 420 178 522 cipem
193 424 315 523 possis.
357 424 450 521 Quid
469 423 560 519 aliud
580 424 711 498 infestis
727 426 880 528 patribus
902 452 1012 530 nuper
1027 426 1154 529 Eprius

67 522 251 611 Marcellus
268 552 368 624 quam
392 523 614 623 eloquentiam
639 551 732 597 suam
746 527 938 638 opposuit,
965 527 1022 628 qui
1043 527 1155 609 accim,

67 688 152 769 Quid
188 701 290 763 autem
318 703 381 753 tam
417 698 615 753 necessarium
652 715 742 776 quam
771 705 870 754 tenere
905 715 1021 774 semper
1052 714 1152 769 uma,

66 772 173 852 quibus
195 776 240 832 vel
261 784 355 834 tectus
376 779 438 854 ipse
459 797 522 834 csse
547 779 647 856 possis
675 779 720 835 uel
743 776 907 856 prouocare
934 775 1081 856 improbos
1108 776 1154 836 uel
1250 782 1253 790 '

66 863 96 912 te
118 856 224 915 ulcisci
244 855 421 915 lacessitus?
464 858 510 916 De
534 858 621 916 (illic.
644 859 680 930 ΙΙ,
698 860 751 917 4-14.
794 857 880 937 Quae
901 867 1001 917 autem
1022 860 1053 915 in
1073 859 1151 917 mul-

64 935 192 994 titudine
215 957 281 994 cum
301 941 483 996 contentione
503 939 629 997 liabetur
646 942 772 1017 ¹oratio,
803 960 839 1002 ea
867 959 957 1019 saepe
985 941 1152 999 uniuersam

64 1021 191 1078 excitat.
232 1020 419 1092 Magno'est
439 1024 515 1078 enim
544 1020 706 1079 admiratio
734 1023 850 1099 copiose
874 1025 1079 1101 sapienterque
1103 1020 1152 1080 di-

64 1102 178 1157 centis:
198 1117 292 1179 quem*
305 1103 357 1181 qui
375 1101 515 1174 audiunt,
537 1104 698 1174 intelligere
711 1105 801 1161 etium
818 1113 847 1160 et
859 1123 965 1182 sapere
977 1104 1044 1182 plus
1059 1122 1151 1182 quam

64 1190 182 1239 ceteros
208 1181 402 1241 arbitrantur.
451 1184 487 1240 Si
512 1203 578 1242 aero
606 1186 681 1241 inest
710 1187 741 1241 in
768 1187 902 1242 oratione
922 1187 1022 1258 anicla¹
1048 1183 1151 1243 mode-

24 1282 29 1292 ’
62 1265 144 1319 stiae
173 1267 325 1335 graeitos:
353 1264 428 1321 nilril
453 1264 660 1323 admirabilius
677 1262 755 1344 fieri
777 1275 891 1345 potest3
920 1285 1011 1346 eoque
1039 1268 1149 1341 magis,
1207 1298 1209 1303 ·

62 1346 91 1401 si
110 1363 150 1400 ea
169 1353 237 1422 sunt
257 1347 288 1402 in
310 1344 503 1404 adolescente.
546 1347 608 1404 Sed
627 1367 714 1423 quum
734 1350 792 1410 sint
810 1349 900 1426 pluro
917 1366 1076 1405 causarum
1094 1366 1149 1421 ge-

62 1445 157 1496 nera,
192 1444 269 1505 quoe
306 1427 500 1503 eloquentiam
530 1427 717 1502 desiderant,
751 1430 891 1508 multique
919 1431 949 1486 in
986 1437 1089 1486 nostra
1114 1447 1149 1487 ra
1178 1503 1180 1507 Ι

59 1507 185 1586 publica
204 1507 403 1567 adolescentes
424 1519 454 1566 et
475 1510 557 1586 apud
583 1509 744 1568 indiceret
765 1509 847 1589 apud
864 1519 998 1567 senatum
1023 1508 1148 1585 diqendo

62 1587 183 1646 laudem
204 1593 335 1647 assecuti
352 1593 429 1648 sint:
457 1594 592 1648 maximo
614 1600 657 1648 est
678 1590 844 1661 admiratio
861 1595 890 1649 in
910 1591 1043 1662 iudiciis,
1074 1612 1148 1670 qaro-

62 1690 130 1727 rum
151 1673 231 1728 ratio
244 1669 367 1750 ,duplex
382 1681 433 1729 est.
458 1671 556 1731 .Nam
578 1693 616 1729 ea·
636 1676 827 1730 accrrsatione
842 1683 870 1730 et
890 1669 1054 1749 defensione
1076 1693 1148 1730 con-

61 1760 142 1810 stat:
169 1760 312 1830 quarum,
327 1755 384 1810 etsi
411 1752 591 1811 laudabilior
618 1762 662 1810 est
689 1751 835 1830 defensio,
864 1763 964 1811 tarnen
992 1756 1148 1817 accusatio,

52 1833 192 1912 'probato
209 1853 353 1912 persaepe
374 1844 426 1892 est.
447 1867 495 1885 -τ
526 1834 626 1915 Atque
652 1837 742 1892 etiam
769 1834 825 1893 boc
843 1842 1034 1914 praeceptum
1055 1831 1150 1911 officii
1180 1824 1185 1843 '

61 1913 220 1988 diligenter
239 1915 394 1974 tenendum
412 1925 485 1981 est,
512 1936 548 1973 ne
577 1936 662 1996 quem
684 1936 811 1995 unquam
832 1919 1013 1974 innocentem
1036 1915 1146 1974 iudicio

62 1999 172 2076 capitis
193 1998 348 2055 arcessas:
376 1997 409 2054 id
427 2000 502 2060 enim
519 2001 585 2055 sine
604 1998 715 2057 scelere
730 1995 809 2076 fieri
830 1999 909 2056 nullo
927 2007 1019 2078 pacto
1036 2005 1145 2076 potest.

60 2076 145 2139 Nam
172 2077 246 2158 quid
271 2088 314 2136 est
340 2088 402 2136 tarn
430 2079 620 2137 inhumanum
646 2100 737 2159 quam
766 2081 962 2160 eloquentiam
988 2098 1008 2135 a
1034 2088 1146 2139 natura

61 2159 252 2218 adsalutem
278 2160 428 2218 bominum
456 2170 485 2219 et
512 2161 555 2219 ad
582 2164 830 2220 conseruationem
852 2161 957 2218 datam
984 2159 1028 2218 od
1054 2159 1148 2219 lono·
1172 2204 1174 2209 -

60 2262 139 2300 rum*
146 2250 261 2320 pestem
280 2245 497 2322 perniciemque
519 2242 710 2302 conuertere?
749 2242 796 2302 De
815 2243 880 2311 Nat.
900 2242 938 2302 D.
956 2242 992 2314 ΙΙ,
1008 2245 1059 2316 59,
1077 2242 1144 2301 tta.

61 2320 191 2398 Quinta.
208 2305 277 2395 tm,
297 2328 325 2381 r.
345 2321 409 2381 rnre.
526 2383 530 2393 ,
1144 2380 1148 2385 ,

10 2438 15 2450 =
147 2402 257 2483 Eprius
276 2402 457 2486 Marcellus]
496 2403 656 2486 thps.
680 2408 726 2464 13.
768 2404 892 2463 Praetor
919 2401 976 2461 fuit
1003 2425 1064 2463 uno
1095 2402 1144 2466 die

60 2483 120 2545 sub
140 2482 264 2545 Claudio
284 2486 367 2565 (Tac.
389 2489 467 2545 Ano.
491 2488 557 2560 Xll,
583 2485 664 2566 tt),
687 2483 741 2543 sub
762 2484 882 2542 Nerone
902 2503 919 2540 a
936 2484 1034 2566 Lyciis
1056 2505 1144 2565 repe-

59 2566 221 2627 tundarum
260 2578 412 2635 accusatus
447 2567 599 2626 absolutus
629 2578 675 2627 est
709 2563 802 2646 (Ano.
836 2565 913 2635 Xlll,
942 2563 1016 2644 St).
1072 2564 1145 2627 Fuit
1182 2561 1185 2567 ⁸

60 2648 153 2709 bomo
176 2647 344 2727 eloquentia
373 2669 425 2708 sua
452 2648 628 2709 clarissimus
650 2659 680 2708 et
699 2644 942 2727 potentissimus,
969 2645 1021 2725 qui
1039 2658 1151 2743 postea¹

60 2731 221 2791 acerrimus
250 2729 445 2809 omnibusque
471 2731 618 2797 timendus
650 2729 764 2789 delator
790 2726 883 2787 sactus
911 2725 1036 2807 ideoque
1062 2726 1144 2805 novis
1179 2767 1181 2771 -

61 2834 114 2872 sus
142 2811 286 2871 memoria
313 2811 490 2871 delationum
519 2811 611 2893 (Hist.
639 2813 674 2885 ll,
704 2807 769 2891 53.)
796 2811 946 2868 Neronem
971 2809 1002 2869 in
1029 2798 1147 2879 multo,

59 2915 130 2953 rum
152 2891 354 2971 innocentium
375 2893 497 2953 exitium
518 2893 649 2975 impulit,
671 2904 705 2952 ut
725 2891 806 2952 Paeti
822 2891 987 2967 Thraseae,
1012 2889 1142 2953 Helvidii

61 2974 161 3036 soceri
181 2973 318 3056 (Walclr.
337 2975 373 3034 ad
394 2975 493 3056 Agric.
514 2998 543 3055 p.
567 2975 661 3056 tta),
683 2973 766 3034 cuius
787 2972 990 3046 accusatione,
1011 2994 1067 3054 pro
1084 2994 1141 3053 qoa

59 3055 222 3137 praemium
239 3055 430 3138 quinquagies
452 3057 618 3116 sestertium
641 3054 752 3136 accepit
768 3053 862 3136 (Ano.
877 3056 957 3128 xvi,
973 3053 1049 3135 33.),
1069 3076 1139 3135 per-

60 3137 152 3210 fecit,
180 3149 215 3197 ut
234 3138 261 3196 T
264 3138 380 3197 braseae
400 3159 416 3197 a
438 3139 558 3198 Nerone
585 3138 689 3199 mortis
718 3136 872 3197 arbitrium
894 3135 1013 3195 daretur
1032 3156 1140 3217 gener-

60 3241 120 3299 que
138 3218 294 3278 Helvidius
317 3218 347 3278 in
371 3219 505 3279 exsilium
533 3217 701 3300 pelleretur.
753 3217 907 3278 Helvidius
934 3216 1052 3277 Priscus
1082 3215 1139 3289 suh

61 3300 156 3361 Galba
176 3321 212 3360 ex
233 3299 336 3359 exsilio
361 3300 453 3359 redux
474 3300 643 3361 Marcellum
669 3301 787 3380 quidem
807 3298 929 3379 Eprium
957 3299 991 3359 ad
1012 3310 1140 3363 mortem

59 3374 378 3452 socerivindica'ndam
398 3403 533 3442 accusare
554 3405 709 3466 aggressus
731 3395 796 3457 est,
818 3380 870 3440 sed
887 3401 955 3440 mox
978 3380 1065 3457 dubia
1082 3401 1138 3440 uo-

58 3463 174 3523 luntate
198 3463 324 3533 Galbae,
352 3463 451 3522 multis
480 3475 650 3523 senatorum
677 3461 899 3544 deprecantibus
924 3462 1160 3524 accusationem*

60 3544 163 3605 omisit
182 3543 275 3625 (Hist.
295 3548 347 3618 ΙΙΙ,
368 3551 396 3604 3.
417 3544 470 3625 5.).
510 3547 616 3604 Postea
646 3567 736 3626 quum
758 3546 855 3604 denuo
883 3543 937 3604 sub
959 3543 1139 3624 Vespasiano

59 3626 90 3687 in
113 3639 217 3688 senatu
238 3626 273 3685 de
296 3626 475 3686 delatoribus
495 3626 650 3706 puniendis
671 3639 808 3708 ageretur
831 3639 861 3689 et
880 3623 1034 3696 Helvidius
1055 3645 1142 3705 spem,

59 3720 195 3789 caperet,
225 3729 313 3788 posse
343 3709 429 3766 etiam
447 3709 626 3767 ,Marcellum
654 3708 824 3787 prosterni,
854 3707 885 3767 in
908 3727 975 3765 eum
1002 3704 1136 3767 invectus

59 3794 121 3856 ectr
150 3789 202 3848 sed
222 3788 295 3847 nihil
315 3789 413 3848 ellccit
437 3791 573 3848 Muciano
593 3790 708 3870 prolixe
728 3800 866 3865 censente
892 3807 948 3867 pro
968 3800 1139 3862 accusatore

59 3870 155 3952 (ltin.
175 3872 227 3944 ΙΙΙ,
248 3874 298 3931 43.
319 3870 394 3948 44.).
434 3869 568 3952 Contigit
587 3872 683 3931 autem
707 3871 751 3942 ei,
773 3883 808 3928 ut
828 3869 904 3949 apud
925 3868 1137 3948 Vespasianum

59 3973 165 4032 magna
182 3950 275 4033 gratia
291 3965 320 4010 et
333 3952 457 4011 amicitia
477 3951 602 4023 valerem
624 3965 826 4030 contraquam
842 3971 931 4030 quum
946 3971 1012 4009 cum
1028 3950 1151 4012 Alieno*

59 4034 255 4106 coniurasset,
277 4055 293 4092 a
314 4045 415 4092 senatu
435 4033 585 4093 damnatus
608 4033 748 4094 novacula
767 4046 872 4116 guttur
891 4031 946 4091 sibi
966 4031 1029 4112 ipse
1049 4053 1134 4113 prae-

59 4115 133 4175 cidit
159 4113 262 4196 (Dion.
287 4112 367 4177 Cass.
388 4115 493 4188 LXVl,
516 4120 562 4173 16.
589 4137 604 4174 a
627 4136 687 4194 quo
715 4126 828 4176 tanturn
850 4113 1005 4174 Marcellus
1035 4111 1138 4253 aqpeL

58 4195 161 4276 latur)
178 4254 182 4259 ,
202 4195 252 4267 Ad
272 4195 302 4255 b.
323 4196 344 4256 l.
371 4195 577 4259 illustrandum
604 4195 715 4263 larium
739 4197 829 4261 verba
856 4198 925 4260 Tac.
953 4192 1033 4255 ann.
1084 4195 1135 4268 Vl,

1212 4333 1248 4388 Α
