2634 4656
125 251 198 313 236
368 302 372 306 .
451 247 608 332 Dialogus
625 251 664 312 de
687 248 869 314 &crambes
955 253 963 272 '

39 407 46 414 ’
131 405 182 477 Ex
205 403 247 476 iis
271 401 439 475 suasoriae
464 402 617 502 quidem,
657 403 718 477 etsi
743 420 898 505 tanquam
920 441 923 445 ·
949 404 1023 480 lanc
1054 403 1189 481 leviores

132 521 164 576 et
187 502 296 575 otinas
320 502 513 603 prudentiae
539 502 723 598 exigentes,
749 505 860 605 pueris
884 433 1096 602 deligantum
1115 535 1190 579 con·

131 602 307 687 troversiae
332 601 576 674 robustioribus
601 605 827 700 assignantur,
863 604 976 706 quales
1006 605 1190 707 perfidem

58 826 62 839 Ι
133 760 237 837 Quint.
257 763 305 834 lll,
326 764 356 837 8,
374 761 483 832 v11,4.
513 755 557 819 Cf.
578 759 703 820 Senecae
722 759 923 821 Suasoriarum
943 760 1028 822 liber.
1051 762 1190 823 Wester·

131 851 218 905 mann
240 842 277 901 G.
300 840 327 899 d.
345 863 368 900 r.
388 841 422 900 Β.
444 838 470 922 §.
493 846 540 900 st.
567 841 699 901 Ronnell'.
719 842 754 901 de
775 854 872 902 mutat.
894 848 948 903 sub
971 841 1188 925 prim.·Caesar.

129 925 208 1005 eloq.
231 922 341 984 condic.
361 926 516 1002 p.17sq.;
538 922 573 981 de
593 944 702 983 suasor.
726 935 755 983 ct
771 937 903 984 controv.
924 924 1086 995 Berulrard.
1108 928 1206 986 lton·

132 1007 188 1068 Lit.
208 1029 236 1086 p.
259 1011 324 1064 120.
373 1003 592 1063 Controuersiae
620 1026 762 1087 egenere
788 1005 913 1065 iudiciali
941 1006 1136 1067 adultioribus
1162 1017 1188 1069 ct

132 1085 381 1151 exercitatioribus
401 1085 548 1168 discipulis
566 1085 799 1168 assignabantur,
822 1089 928 1169 quippe
949 1088 1076 1170 quibus,
1104 1110 1188 1169 quum

99 1187 114 1228 ,’
133 1171 311 1254 difficiliores
331 1189 362 1245 ac
379 1167 467 1249 magis
488 1168 662 1248 compositae
677 1180 789 1242 essent,
810 1169 948 1229 iuvenum
967 1170 1085 1253 ingenia
1107 1187 1187 1232 acue·

132 1265 236 1315 ‘retitur
259 1262 288 1310 et
308 1249 342 1308 erl
361 1249 487 1310 actiones
509 1249 639 1310 forenses
660 1249 761 1309 melius
781 1264 1028 1332 praepararentur.
1058 1253 1115 1312 vt.
1136 1253 1187 1313 Se·

44 1324 47 1333 ¹
132 1354 195 1395 nec.
214 1332 374 1394 Controvv.
397 1330 459 1391 Lib.
480 1333 499 1389 l.
522 1352 649 1412 prooem.
669 1354 696 1413 p.
718 1337 765 1391 63.
807 1333 1000 1393 Declamabat
1019 1345 1120 1394 autem
1142 1334 1187 1394 Ci-

133 1439 216 1491 eero,
242 1437 297 1474 noa
319 1413 417 1495 quales
437 1433 515 1477 nunc
535 1413 759 1472 Controuersias
780 1412 919 1488 dicimus,
946 1437 997 1476 nec
1025 1419 1103 1476 tales
1128 1420 1187 1499 qui·

135 1499 212 1574 dem,
227 1497 326 1579 quales
342 1506 409 1554 unte
426 1495 591 1554 Ciceronem
606 1495 782 1567 dicebantur,
797 1517 870 1577 quas
884 1498 978 1557 theses
991 1498 1189 1557 uocabant.-

58 1630 61 1634 .
133 1581 199 1645 Hoc
219 1600 282 1637 aero
299 1580 423 1637 alteram
441 1597 541 1635 nomen
557 1577 702 1636 Graecum
717 1578 830 1658 quidem
851 1589 909 1651 cst,
929 1580 982 1650 sed
1000 1580 1185 1639 inbutiuum

134 1667 178 1722 ita
198 1662 386 1738 translatum,
415 1670 445 1718 ut
469 1679 523 1738 pru
548 1658 654 1718 Latino
681 1663 735 1734 sit,
761 1660 957 1734 Scholastica,
986 1658 1187 1723 Controversia

71 1762 73 1767 ⁴
134 1745 402 1812 inulto‘rcccntius‚
429 1743 583 1820 sicutipse
606 1740 790 1800 declamatio.
810 1741 891 1821 apud
910 1743 1019 1802 nullum
1039 1754 1183 1804 auctorem

133 1830 281 1908 antiquam
302 1833 369 1882 ante
388 1826 479 1904 ipsum
496 1821 661 1882 Ciceronem
683 1833 710 1881 ct
732 1822 850 1881 Calvum
870 1827 991 1882 inueniri
1007 1836 1122 1906 potest,
1141 1827 1189 1908 pai

133 1909 371 1968 declamationem
399 1904 555 1978 distinguit.
593 1903 647 1963 Ait
674 1908 765 1979 enirn,
794 1905 968 1965 Declamare
989 1917 1033 1966 est
1054 1911 1115 1966 iam
1135 1928 1186 1967 noa

133 1990 316 2051 mediocriter
341 1987 444 2045 dicere.
485 1985 563 2047 Bene
589 1987 713 2050 alterum
735 1996 821 2066 putat
849 1976 1021 2048 domestidac
1039 1994 1184 2048 exercita·

133 2074 220 2130 tionis
240 2077 315 2140 esse,
343 2069 466 2125 alterum
488 2087 571 2125 verae
592 2070 723 2126 actionis.
761 2070 850 2126 Modo
876 2091 978 2128 rrumen
1000 2071 1054 2128 boc
1071 2071 1184 2150 prodiit.

133 2152 210 2213 Nam
233 2158 261 2208 et
281 2148 406 2207 studium
432 2151 522 2227 ipsam
545 2169 634 2228 nuper
657 2151 800 2209 celebrari
822 2155 920 2233 coepit.
953 2150 1057 2225 Quint.
1078 2157 1115 2226 ll,
1139 2158 1186 2228 10,-

134 2239 162 2293 5.
191 2236 240 2306 lX,
259 2236 291 2303 ’2,
313 2235 360 2288 77.
387 2229 456 2287 Ern.
485 2229 552 2287 Lex.
580 2229 673 2293 techn-
700 2231 760 2288 Lat.
784 2254 806 2290 s.
827 2254 854 2290 v.
894 2232 1031 2313 Exempla
1056 2235 1183 2303 offerunt

133 2316 234 2376 Sencc.
255 2309 414 2375 Controvv.
433 2321 462 2369 et
483 2310 605 2384 Quintil.
625 2332 697 2390 quae
716 2313 850 2372 leruntur
868 2314 1053 2378 Declamatt..

192 2441 195 2451 ,
212 2394 261 2454 Ea
277 2398 313 2453 iis
323 2393 587 2476 vconlruocrsiac]
609 2391 718 2452 E‘Cod.
728 2397 816 2454 barn.
834 2395 920 2455 verba
931 2396 965 2475 ab
981 2396 1030 2454 Ea
1041 2388 1181 2475 usquead

133 2480 342 2538 controuersiae
370 2473 467 2534 omiss.
499 2475 530 2533 in
557 2485 623 2534 cett.
652 2472 742 2534 Codd.
772 2488 801 2536 ct
825 2478 900 2536 Edd.
930 2476 1045 2558 Lipsius
1075 2477 1180 2557 primus

133 2558 285 2641 supplevit.
326 2556 420 2616 Verba
440 2560 495 2614 etsi
513 2567 650 2638 tanquam
671 2558 856 2617 offenderunt
876 2563 936 2618 VV.
953 2561 1036 2632 DD.,
1059 2578 1181 2640 quorum

132 2640 195 2712 alli,
236 2651 270 2699 ut
296 2641 401 2700 Muret.
429 2637 509 2697 Acid.
546 2638 677 2702 Freinsb.
705 2641 808 2698 chm.
837 2642 906 2700 Ern.
940 2641 1055 2701 Schola.
1086 2639 1192 2701 Oberl-

132 2721 220 2782 Belrlr.
241 2723 336 2780 Eoett.
354 2731 383 2779 et
404 2719 490 2778 Bach.
512 2723 567 2778 etsi
586 2719 815 2796 eiecerunt,alii
834 2722 916 2788 uncis
939 2735 1129 2803 saepserunt,
1149 2732 1187 2782 at'

132 2804 255 2864 Scebotl.
284 2803 392 2862 Osann.
421 2801 510 2861 Orcll.
538 2803 613 2883 Rup.
635 2814 664 2864 ct
684 2803 773 2876 Ritt,
800 2804 875 2867 Ptin,
896 2805 1063 2864 asteriscum
1086 2803 1180 2885 posuit

130 2890 199 2975 post
218 2887 273 2952 etsi
291 2882 401 2964 probat.
422 2882 581 2956 Boetticb.,
607 2885 652 2942 cui
673 2907 760 2964 quum
780 2882 933 2947 verisimile
956 2885 1106 2962 videatur,
1127 2885 1180 2946 sie·

104 2970 164 3027 'ut
189 2965 403 3026 controversiae
432 2963 648 3044 vituperentur,
676 2966 715 3024 ita
737 2966 821 3026 etiam
851 2968 942 3027 simile
965 2967 1034 3046 quid
1055 2967 1096 3028 de¹
1113 2988 1177 3029 sut·

131 3047 217 3109 soriis
237 3047 373 3107 iniectum
395 3067 475 3121 esse,
501 3045 548 3107 cui
568 3046 725 3109 sententiae
744 3048 839 3111 lavere
858 3050 927 3114 dicit
946 3050 1026 3129 quod
1044 3061 1181 3131 sequatur

126 3133 214 3218 plane
239 3129 257 3188 i.
279 3149 303 3188 e.
331 3127 448 3207 utique,¹
473 3127 546 3186 doch
573 3129 766 3211 wenlgstens,
800 3130 831 3190 in
851 3143 1002 3197 comment.
1025 3131 1060 3190 de
1082 3131 1133 3191 vit.
1153 3140 1181 3197 et

130 3212 328 3292 scriptulae.
355 3232 382 3304 p.
403 3215 450 3269 86.
470 3209 586 3269 exbibet
611 3215 667 3268 etsi
692 3237 768 3273 ....
796 3223 951 3295 tanquam;
980 3213 1011 3271 in
1038 3234 1096 3297 qua
1115 3234 1179 3273 sos·

127 3292 242 3382 picione
263 3301 465 3354 assentientem
487 3289 541 3350 sibi
563 3291 660 3351 babuit
681 3292 823 3353 Eclrstein.
845 3295 935 3355 Orell.
956 3298 1012 3354 etsi
1029 3305 1179 3380 tamquam

128 3395 164 3435 ex
183 3377 224 3434 sic
241 3384 388 3455 tamquam
409 3384 577 3452 corruptum
599 3374 758 3461 suspicatus
772 3387 830 3434 est.
877 3417 882 3423 -
989 3400 992 3407 ¹

207 3455 421 3532 robustioribus]
441 3455 584 3513 Robustus
597 3476 680 3535 saepe
694 3455 799 3516 dicitur
818 3457 853 3530 is,
878 3456 928 3537 qui
943 3456 1082 3534 adolevit,
1104 3458 1180 3521 nulla

56 3530 59 3544 ’
128 3536 240 3597 ratione
261 3535 375 3597 roboris
395 3534 496 3594 habita.
523 3535 595 3595 Plio.
615 3538 687 3625 Epp.
708 3543 743 3610 X,
765 3545 812 3611 97,
832 3545 860 3598 2.
888 3560 927 3597 an
952 3538 1112 3678 pucimllbet
1138 3551 1181 3601 te·

15 3677 20 3683 ,
112 3623 192 3691 ,neri
216 3620 289 3677 nibil
314 3639 334 3676 a
361 3618 566 3677 robustioribus
585 3617 746 3698 disserant?
773 3619 887 3680 Ruhnk.
915 3621 952 3680 Sc
975 3621 1012 3679 ol.
1040 3621 1072 3680 in
1100 3609 1177 3683 Suet.

126 3699 195 3760 Ner.
217 3707 263 3760 20.
303 3699 414 3759 Deinde
439 3700 629 3774 robustiores,
656 3701 689 3767 ul
708 3700 736 3759 b.
758 3700 794 3775 l.,
823 3714 892 3761 sunt
915 3695 1007 3784 magis
1035 3704 1127 3764 adulti
1150 3714 1178 3764 et

127 3782 158 3843 in
185 3782 289 3842 litteris
318 3781 479 3853 exercitati,
509 3781 584 3841 sicut
610 3782 772 3868 saepissime
799 3805 841 3862 ap.
870 3783 971 3858 Quint.
998 3789 1033 3856 X,
1061 3790 1090 3859 1,
1115 3790 1177 3846 tst.

127 3866 187 3923 iam
217 3864 340 3923 robustis
366 3873 393 3922 ct
417 3867 558 3921 seueriore
578 3885 682 3936 genere
705 3869 778 3925 satis
796 3865 930 3943 firmatis
952 3866 1089 3940 legendus
1106 3868 1178 3949 ¹(Se-

127 3942 219 4026 neca).
243 3952 270 4014 5,
287 3950 311 4004 1.
334 3967 389 4026 pua
408 3945 597 4009 robustiorum
618 3946 720 4008 studiis
740 3947 867 4005 ordinem
886 3947 1023 4007 dedimus.
1044 3953 1068 4024 l,
1088 3953 1177 4024 12,1.

125 4029 162 4097 ll,
185 4032 213 4100 2,
238 4030 282 4086 14.
304 4027 337 4085 al.
383 4025 431 4088 Sic
452 4027 539 4085 robur
559 4027 593 4085 ad
614 4026 760 4108 ingenium
780 4029 968 4088 transfertur:
996 4031 1064 4090 Tac.
1080 4031 1176 4114 Agric-

127 4113 155 4168 6.
177 4128 199 4168 c.
220 4118 317 4166 annot.
338 4106 454 4165 Walch.
476 4119 506 4168 et
524 4107 610 4169 Bach.
632 4108 733 4184 Quint.
754 4111 793 4186 X,
815 4114 843 4187 1,
863 4114 912 4174 43.
937 4111 1026 4172 robur
1046 4102 1115 4174 diris
1133 4113 1178 4174 di·

120 4211 211 4267 gnum
230 4187 282 4250 ubi
300 4189 346 4251 vd.
365 4187 481 4251 Herbst.
