2634 4656
173 256 252 318 ’140
508 255 668 338 Dialogus
692 256 733 317 de'
753 255 938 319 Oratoribus

186 435 340 490 somnum
361 425 483 482 tenere.
535 411 604 483 Nec
627 437 732 483 unum
758 407 800 480 de
824 408 949 509 populo
974 406 1092 480 Canuti
1118 423 1175 480 aut
1198 405 1268 480 Ani

100 553 101 557 =
186 508 229 589 de
248 509 374 581 Furnio
399 527 430 581 et
452 509 595 581 Coranio
617 508 698 582 uiins
723 509 757 586 in
781 508 897 580 endem
921 507 1162 580 valetudinario
1187 507 1267 579 haee

186 635 264 680 ossa
291 624 322 681 et
344 607 428 681 hanc
455 609 593 682 maciem
619 609 783 709 probant:
809 607 884 708 ipse
901 606 982 680 mihi
1002 607 1134 696 Caluus,
1162 634 1267 706 quum

186 810 265 861 ctum
286 798 404 860 ridetur
424 820 480 880 pro
493 795 592 885 fateri
610 802 740 876 ingenue.
784 794 940 860 Obversati
960 795 1099 857 videntur
1118 797 1188 856 Tac.
1209 795 1267 857 loni

185 879 355 943 Ciceronis:
384 882 469 940 Brut.
495 885 546 953 85,
568 887 637 941 293.
678 880 820 964 Equidem
848 884 878 939 in
905 878 1077 960 quibasdam
1103 881 1197 937 risum
1219 883 1266 938 oia

145 1031 147 1037 ,
184 964 319 1023 tenebam
342 974 397 1022 etc.
420 969 470 1038 80,
492 969 562 1022 278.
600 964 713 1045 itaqua
733 973 848 1022 tanturn
868 958 979 1039 abfuit,
1011 972 1043 1020 ut
1062 961 1267 1042 inflammares

184 1039 300 1106 nistros
321 1046 451 1104 animas:
470 1067 603 1102 somnum
625 1049 681 1105 isto
702 1047 762 1105 Ioco
782 1048 830 1103 sios
849 1043 1027 1102 tenebamus.

266 1155 330 1218 Nec
352 1178 439 1215 unum
457 1156 492 1215 de
510 1159 616 1237 populo
635 1156 744 1216 Canuti
762 1166 815 1215 ant
831 1153 897 1213 Ant
918 1154 954 1211 de
968 1153 1127 1214 Furnio'ct
1139 1155 1266 1217 Coranio

185 1239 262 1297 otios
289 1242 318 1296 in
339 1238 439 1297 eodem
467 1238 682 1298 ‘valetudinario
704 1240 777 1298 isaeo
798 1257 866 1296 assa
894 1245 923 1294 et
947 1236 1024 1294 hano
1052 1240 1179 1296 maciem
1218 1260 1267 1298 ro-

186 1317 275 1400 dant]
308 1318 358 1380 Sic
377 1319 406 1378 h.
430 1319 449 1379 Ι.
471 1320 655 1401 desperatum
678 1319 816 1380 exhihent
838 1315 1038 1379 Codri-'Fara
1060 1317 1172 1379 Vatiae.
1193 1262 1270 1380 idn.

184 1398 303 1459 Walth.
327 1401 437 1461 Osann.
465 1399 522 1460 nisi
550 1402 630 1480 quod
650 1403 736 1461 Farn.
793 1401 956 1460 Ganuti-
973 1396 1268 1478 attio-desnrniue

186 1479 280 1542 Codd.
301 1485 365 1542 Par.
386 1482 474 1542 Vind.
496 1483 569 1542 Edd.
613 1482 689 1564 Spir.
720 1484 786 1542 Pnt.
807 1484 875 1543 Ber.
903 1479 967 1540 Alc.
990 1481 1083 1540 R‘hen.
1105 1503 1157 1542 nec
1179 1505 1267 1542 unum

185 1563 222 1622 da
240 1565 356 1644 populo.
399 1563 508 1624 Canuti
531 1574 585 1623 aut
604 1564 699 1623 Arida
720 1563 850 1636 (Aridae
871 1559 944 1624 Cod.
966 1560 1052 1621 vind.
1076 1561 1165 1622 Atide
1187 1562 1267 1647 Par.)

183 1644 294 1704 Furnio
314 1659 343 1703 et
365 1643 490 1706 Toranio
511 1645 591 1726 (Put.
614 1645 758 1728 Testae),
791 1649 894 1728 quique
918 1646 993 1704 alins
1012 1647 1042 1702 in
1063 1645 1166 1705 eodem
1188 1648 1267 1706 ouie-

184 1727 335 1785 inclinatio
357 1728 432 1785 haec
460 1747 527 1787 ussa
557 1729 683 1787 athana
705 1730 827 1787 maciem
851 1727 994 1806 probant,·
1022 1725 1102 1806 Lips.
1130 1737 1161 1785 et
1189 1727 1267 1788 Pitb.

185 1806 259 1889 (nisi
288 1807 367 1887 quod
388 1807 529 1868 asterisco
549 1807 579 1867 in
602 1830 691 1892 marg.
713 1809 742 1868 h.
763 1808 782 1868 l.
804 1805 932 1886 notavit)
953 1828 1006 1866 nea
1035 1829 1122 1866 unum
1151 1809 1190 1868 da
1213 1832 1267 1892 po-

182 1891 253 1970 pulo
276 1889 386 1948 Canuti
403 1889 424 1931 ¹*
451 1892 593 1950 aut-Atti
620 1891 656 1950 da
682 1892 797 1952 Furnio»
820 1900 850 1949 et
873 1888 1000 1948 Toranio
1018 1892 1121 1971 quique
1147 1892 1266 1951 aliosi.

184 1990 210 2030 a.
227 1991 250 2029 o.
274 1971 302 2029 ir.
323 1994 348 2030 o.
370 1981 399 2030 et
418 1971 446 2029 ir.
463 1994 500 2030 m.
514 1996 543 2054 p.
582 1972 735 2048 Quoniam
756 1983 853 2031 autem
874 1992 889 2031 a
911 1969 1035 2030 consilio
1052 1991 1118 2030 meo
1138 1971 1266 2032 alienum

184 2063 248 2123 est,
280 2073 382 2112 ornnes
405 2052 589 2112 coniecturas
612 2075 633 2115 a,
650 2057 712 2113 VV.
734 2054 799 2112 DD.
822 2073 893 2113 exeo
916 2052 998 2112 itatas
1022 2063 1155 2130 enotare,
1185 2053 1266 2118 vetut

183 2133 320 2213 elipe,
344 2132 493 2207 Acidalio,
515 2133 698 2214 Sctntring„
720 2135 837 2210 Schei,
859 2075 1083 2193 Scimrzileiseh.
1107 2133 1174 2207 ai„
1195 2156 1264 2215 quas

184 2215 301 2275 Schulz.
331 2213 361 2273 in
388 2216 510 2275 Excurs.
532 2217 579 2275 ΙΙΙ.
600 2238 627 2296 p.
652 2221 707 2275 171
730 2238 774 2294 sq.
796 2228 826 2276 et
847 2215 993 2276 Eckstein.
1019 2214 1050 2274 in
1071 2215 1124 2275 Ed.
1146 2217 1266 2293 Walth.

183 2307 415 2379 congesserunt,
444 2295 677 2358 commemorabo
699 2309 810 2356 tantum
838 2319 903 2369 eas,
938 2318 1010 2377 qnae
1028 2296 1074 2355 'ab
1099 2297 1264 2359 editoribus

184 2389 308 2438 recentt.
327 2378 358 2437 in
378 2390 491 2438 textum
510 2391 643 2460 receptae
664 2390 752 2452 sunt,
775 2391 810 2438 ut
832 2378 867 2437 ab
888 2381 992 2438 Heum.
1015 2377 1105 2438 Bekk.
1126 2391 1156 2438 et
1174 2381 1267 2441 Boet-

183 2458 298 2521 tichero
327 2460 397 2520 haec
424 2461 586 2521 emendatio
612 2464 632 2520 Ι.
653 2462 685 2520 F.
707 2459 870 2520 Gronovii':
900 2461 962 2534 Nee
988 2483 1074 2521 unum
1097 2460 1134 2519 de
1156 2464 1264 2545 populo

185 2539 341 2601 Canutium
369 2555 423 2602 aut
441 2542 563 2603 Arrium
590 2544 764 2603 Furniumoe
785 2543 955 2616 terminabo,
986 2562 1112 2625 quosque
1133 2545 1211 2603 alins
1235 2548 1265 2604 in

183 2622 285 2683 eodem
308 2623 522 2684 ualetudinaria
543 2626 616 2686 isaeo
633 2645 701 2684 osso
721 2637 750 2686 et
776 2625 850 2683 hoec
869 2628 980 2683 macies
996 2624 1141 2704 probant‚·
1162 2647 1179 2684 a
1201 2625 1265 2707 Bip.

184 2714 293 2777 tenere,
314 2724 365 2764 nea
385 2727 472 2764 unum
494 2705 531 2764 de
544 2708 658 2787 populo.
702 2707 831 2774 Canutii,
854 2716 907 2766 aut
921 2705 1009 2778 Attii,
1030 2707 1075 2764 uel
1086 2706 1204 2782 Fannii,
1222 2708 1267 2766 oet

185 2785 326 2844 Curiones
346 2786 434 2859 aliis,
457 2788 601 2847 incudem
619 2789 848 2859 ualetudinaria,
871 2788 945 2846 isaer
969 2807 1037 2846 ossa
1055 2798 1083 2846 et
1099 2788 1179 2846 itanc
1200 2808 1265 2847 ma·

183 2869 254 2925 ciem
274 2865 417 2946 praiant;
439 2867 585 2927 aSchuiz.
608 2880 637 2928 et
653 2869 786 2944 Oberlin.
830 2868 892 2930 Nec
911 2891 999 2928 unum
1015 2868 1052 2926 da
1064 2870 1183 2950 populo,
1206 2869 1265 2931 Ca·

182 2950 295 3006 nutium
315 2956 368 3015 out
384 2946 506 3008 Arrium
520 2949 694 3010 Furniarnoe
709 2951 882 3023 nominabo,
920 2954 1003 3034 nique
1022 2951 1091 3008 aliis
1111 2952 1141 3008 in
1162 2951 1264 3011 eadem

184 3028 480 3089 ualetudinarioiraeo
499 3051 567 3090 ossa
583 3042 612 3090 et
627 3033 702 3092 hana
715 3036 835 3092 maciem
848 2975 991 3112 maian&
1012 3030 1222 3093 asseruerat
1231 3032 1265 3093 ΙΙ.

182 3109 247 3174 Neo
268 3133 355 3171 unum
376 3111 413 3170 de
430 3114 554 3194 popula,
575 3112 731 3175 Canutiurn
753 3125 806 3174 aut
821 3114 961 3190 Arrium,
983 3114 1125 3172 Furnium
1138 3127 1194 3175 ant
1210 3108 1265 3176 Ti

182 3196 300 3252 sanium
315 3236 322 3252 .
338 3236 365 3250 ..
386 3197 490 3276 quique
509 3196 577 3253 aliis
591 3195 772 3277 -prodant‚·
794 3195 954 3255 aDronk.:
976 3215 1029 3252 neo
1044 3216 1133 3253 unum
1154 3194 1193 3254 de
1209 3216 1265 3279 po·

179 3275 258 3355 pulo.
279 3272 300 3314 ²*
330 3273 451 3333 Canutii
477 3284 531 3334 aut
551 3275 634 3349 Atti,
667 3278 712 3336 oei
736 3277 842 3335 Furnii
869 3287 923 3335 aut
945 3275 1068 3336 Taranii
1086 3279 1192 3358 quiquo
1212 3278 1267 3337 aiii

181 3357 212 3414 in
241 3352 344 3413 codem
373 3355 586 3417 valetudinario
615 3359 688 3418 isaeo
715 3379 783 3418 ossa
819 3367 849 3415 et
876 3359 952 3418 Ieario
979 3360 1100 3417 maciem
1141 3359 1264 3427 rabant3

183 3436 360 3514 aRupert.:
383 3435 445 3498 Nn
465 3459 538 3496 unus
558 3438 595 3498 da
610 3440 732 3521 popula,
755 3439 876 3499 Canarii
896 3450 950 3498 ant
964 3440 1051 3499 Arrii
1068 3449 1097 3497 et
1138 3443 1220 3500 urnii
1235 3448 1264 3498 et

184 3514 307 3575 Toranii
323 3520 426 3602 quique
446 3519 549 3577 alii-
564 3521 710 3600 probam,-
730 3521 884 3581 altinae:
908 3521 971 3582 Neo
993 3520 1139 3579 anaiade
1156 3520 1264 3605 populo

183 3596 341 3657 Curiatium
362 3610 416 3657 aut
430 3599 554 3660 Arrium
570 3601 748 3660 Furniumoe‘
765 3625 851 3676 curo,
872 3623 925 3661 nea
947 3603 1022 3663 alios
1040 3605 1091 3684 qui
1110 3606 1140 3660 in
1162 3603 1262 3663 eodem

183 3680 392 3738 valitudinario
413 3681 486 3740 haec
505 3703 574 3743 ossa
592 3694 621 3743 et
642 3685 718 3741 tanc
740 3688 862 3744 maciem
881 3685 1025 3763 probant,
1053 3681 1149 3743 addita
1171 3706 1205 3745 ex
1228 3683 1264 3743 Ιί-

182 3760 313 3821 eatione:
345 3782 404 3820 non
434 3762 531 3822 futiles
554 3762 621 3824 iilos
644 3763 764 3844 prioris·
781 3764 843 3826 aevi
872 3776 1005 3824 oratores
1034 3785 1127 3839 auro,
1155 3707 1262 3847 qniias

184 3839 255 3901 haec
277 3852 393 3902 ossa‘et
413 3842 483 3903 haec
506 3845 609 3904 macies
632 3845 736 3927 (tenne
756 3858 786 3906 et
813 3846 887 3907 exite
909 3846 1024 3907 dicendi
1044 3845 1154 3929 genus)
1178 3847 1264 3908 unice

205 3921 341 3983 robatur:
386 3923 443 4004 ipsi
470 3927 719 4005 praestantiores,
754 3940 789 3987 ut
815 3926 942 4004 Calvus,
973 3949 1035 3987 non
1062 3929 1262 3999 satisfaciunt3

182 3944 287 4064 itaet:
321 4025 374 4062 noa
395 4027 483 4064 arrum
504 4006 541 4065 da
556 4008 682 4089 popula,
704 4009 861 4069 Canutium
882 4021 936 4070 aut
956 4010 1077 4070 Arrium
1098 4010 1136 4070 de
1152 4011 1264 4071 Furnio

184 4095 214 4146 et
243 4084 387 4156 Canania,
416 4089 492 4147 alins
518 4091 549 4147 in
576 4089 678 4149 eodem
707 4091 921 4153 ualetudinaria
949 4094 1022 4152 itaer
1049 4112 1119 4151 ossa
1140 4094 1265 4153 ethaeo

184 4171 293 4230 omnes
310 4167 457 4250 probant,
478 4168 529 4250 qui
548 4169 638 4232 verba
657 4172 700 4232 sic
719 4171 947 4256 interpretatur:
972 4173 1044 4236 haec
1063 4193 1132 4236 ossa
1150 4174 1265 4237 ethaeo
