2634 4656
112 250 177 317 234
250 284 253 290 e
434 251 590 334 Dialogus
611 251 649 314 de
674 219 861 313 Oratoribus*

111 403 298 509 pudentiae·
312 403 394 477 iussi
419 421 504 477 sunt.
550 403 619 487 Sed
635 420 671 476 ut
692 403 800 476 dicere
817 403 1042 491 institueram,
1071 399 1173 476 dedu·
1205 460 1208 467 .

18 525 21 531 ’
113 522 232 579 cuntur
257 503 292 576 in
318 502 478 592 scholas,-
498 504 620 603 quibus
645 531 714 575 non
739 502 833 575 facile
858 502 997 575 dixerim
1022 519 1175 575 utrumne

112 603 205 678 locus
231 603 321 704 ipse,
355 631 396 676 au
422 602 672 703 condiscipuli,'
690 631 731 675 au
757 603 861 698 genus
888 601 1076 674 studiorum
1102 599 1174 701 pins

37 748 40 753 ·
74 774 76 783 ,
112 701 191 777 mali
212 703 353 800 ingeniis
379 703 527 776 afferant.
584 705 667 777 Nam
692 702 727 774 in
759 700 831 774 loro
857 701 939 775 nihil
964 700 1210 791 reverentiaw'

113 802 174 877 se'd
198 802 235 875 in
258 829 359 902 quem
380 829 476 876 nemo
498 802 564 875 nisi
588 829 692 902 aeque
714 801 886 901 imperitus
901 802 1019 889 intrat3
1044 800 1082 872 in
1099 827 1179 905 ιτοιι-1

114 968 331 1034 similitudinem
357 992 472 1031 marum
493 970 641 1032 censuram
669 970 779 1052 gessit,
809 991 898 1049 quum
927 967 1051 1029 Crassus
1080 966 1173 1049 (cuim

60 1120 65 1125 ,
113 1055 208 1115 oratio
229 1054 259 1113 iu
280 1052 427 1136 collegam'
439 1053 535 1115 habita
554 1064 795 1113 commemoratur
815 1071 830 1110 a
850 1050 908 1111 Cic.
930 1052 1013 1110 Brut.
1033 1051 1087 1122 44,
1110 1053 1173 1111 164.

64 1148 65 1155 ’
114 1136 150 1196 de
173 1135 253 1196 Orat.
274 1139 309 1205 11,
337 1141 383 1206 11,
405 1133 471 1217 45.)1
492 1134 677 1216 optimatum,
701 1133 763 1216 ipse
782 1132 883 1214 populi
904 1130 1033 1212 partibus
1057 1129 1173 1192 sareret.

114 1218 162 1277 vd.
182 1219 272 1295 R-A.
294 1218 314 1276 l.
334 1217 448 1276 Ahrens
479 1216 524 1276 die
549 1216 612 1276 drei
637 1214 863 1274 Volkstrihunen
893 1214 939 1272 Ti.
958 1212 1104 1287 Graeca,
1135 1210 1174 1291 11.

114 1301 230 1361 Drusus
250 1299 310 1359 und
329 1300 361 1359 P.
381 1298 525 1379 Sulpicius
546 1320 574 1378 p.
595 1302 642 1356 56.
682 1297 828 1356 Laudatur
847 1295 908 1355 eius
929 1296 1054 1378 gravitas
1075 1305 1105 1354 et
1125 1316 1173 1354 au·
1205 1290 1208 1297 ’

116 1381 236 1442 ctoritas
251 1390 272 1440 'a
297 1377 357 1442 Cic.
379 1380 414 1440 de
435 1380 516 1440 Orat.
536 1384 573 1452 11,
594 1384 644 1452 56,
664 1384 732 1439 230.
752 1377 797 1438 Cl.
818 1378 969 1438 Onomast.
991 1376 1070 1438 Tull.
1090 1374 1173 1457 ltu

54 1516 58 1525 .
113 1485 143 1548 p.
163 1466 232 1524 225.
253 1461 296 1522 ed.
319 1462 371 1522 Or.
392 1473 422 1522 et
438 1462 511 1521 Bait.
532 1463 649 1545 Meyer;
677 1460 713 1521 ad
732 1458 791 1521 Cic.
812 1460 895 1521 Brut.
915 1462 966 1533 44,
986 1461 1054 1529 164.

197 1569 229 1619 ut
246 1563 290 1619 ait
313 1560 425 1638 Cicero]
455 1560 500 1619 De
521 1558 669 1632 orsum,
691 1560 741 1634 24,
762 1562 800 1617 93
829 1569 858 1617 et
879 1563 926 1618 94.
953 1563 1044 1618 etiam
1066 1558 1175 1630 Latini,

115 1641 217 1703 cidiis
237 1643 348 1724 placet,
376 1643 431 1713 lroc
459 1642 569 1700 biennio
597 1644 732 1715 magistri
753 1639 867 1698 dicendi
885 1644 1076 1711 exstiterunt;
1093 1660 1174 1722 ,qaas

116 1745 169 1799 ego
189 1744 286 1784 censor
308 1723 399 1784 edicto
419 1744 482 1784 meo
500 1723 690 1796 sustuleram,
712 1743 768 1781 non
781 1743 835 1803 quo
855 1719 904 1802 (ut
922 1716 1019 1782 nescio
1058 1744 1111 1782 uos
1131 1721 1175 1779 di-

82 1810 84 1815 ’
117 1826 182 1866 cere
202 1805 334 1886 aiebant)
361 1808 430 1864 acui
454 1809 569 1880 ingenia
591 1804 819 1875 ‘adolescentium
844 1805 965 1879 nollem,
992 1746 1056 1863 sed
1072 1813 1175 1867 cantra

117 1891 233 1962 ingenia
260 1886 378 1949 olrtundi
403 1887 494 1960 nolui,
521 1887 708 1952 corrobarari
728 1885 944 1967 impudentiam.
991 1885 1072 1951 Nam
1099 1883 1194 1967 apud<

117 1969 265 2042 Graecos,
286 1968 457 2029 cuicuimodi
478 1978 587 2040 essent,
610 1968 741 2026 ridebam
762 1978 860 2025 tamen
882 1988 942 2025 esse
960 1980 1084 2047 praeter
1103 1969 1174 2026 doru

116 2053 348 2110 exercitationem
377 2052 492 2122 linguae
512 2050 672 2109 doctrinam
699 2051 827 2129 aliquam
848 2057 876 2106 et
896 2050 1114 2109 lunrauitatem-
1131 2048 1174 2107 a:

114 2152 203 2209 gnam
224 2134 360 2197 scientim·
382 2132 434 2190 lios
451 2151 514 2188 uera
530 2152 614 2191 novas
630 2135 784 2203 magistros
796 2131 869 2188 nihil
881 2133 1080 2206 intelligebam
1094 2148 1174 2214 posse

47 2288 50 2293 ἱ
118 2213 219 2272 docere
248 2214 305 2269 nisi
326 2221 356 2271 ut
385 2211 532 2270 auderent.
555 2244 590 2255 —-
632 2211 699 2279 Hoc·
725 2236 810 2295 quum
837 2235 923 2272 unum
951 2214 1121 2273 traderetur
1147 2220 1173 2271 et

116 2316 203 2377 quum
222 2292 416 2375 impudentiae
436 2293 518 2353 ludus
539 2305 630 2366 esset,
649 2298 751 2373 putaui
766 2314 826 2354 esse
847 2299 987 2369 censoris,
1009 2316 1044 2353 ue
1066 2298 1174 2370 langius

120 2376 154 2438 id
168 2385 309 2456 ⁴serperet
351 2375 509 2457 providere.
555 2375 620 2433 Hoc
649 2375 773 2434 edictum
802 2377 965 2435 censorium
993 2377 1173 2458 propositum

118 2469 165 2518 est
185 2479 209 2517 a.
230 2463 297 2518 662.
315 2419 354 2515 il.
377 2455 410 2517 C.
443 2478 503 2515 non
523 2455 757 2518 confundendum
771 2479 842 2525 ¹cum
863 2456 960 2538 3010,
993 2480 1054 2540 quo
1076 2460 1172 2519 rheto-

117 2561 166 2600 res
195 2551 224 2599 ct
248 2537 415 2624 philosophi
445 2539 549 2609 Graeci
575 2537 609 2599 C.
638 2539 748 2598 Fannio
774 2551 803 2598 et
829 2541 868 2598 M.
898 2539 1015 2599 Valerio
1044 2539 1173 2605 Messalla

119 2619 202 2682 Coss.
223 2643 246 2681 a.
267 2626 335 2680 593.
356 2623 393 2678 U.
415 2617 447 2680 C.
470 2626 535 2680 16-1.
562 2641 585 2680 a.
601 2617 667 2680 Ch.
688 2642 716 2679 n.
744 2623 837 2680 Roma
859 2620 970 2701 expulsi
999 2635 1078 2681 suut.
1120 2621 1171 2681 Vd.

119 2703 244 2765 Ellendt.
264 2701 397 2784 Prolegg.
417 2723 444 2781 p.
465 2706 539 2761 xlv.
562 2702 683 2764 Sueton.
704 2702 740 2761 de
755 2702 826 2762 clar.
846 2703 919 2761 rhet.
938 2710 964 2762 1.
986 2703 1062 2763 Gell.
1084 2705 1120 2763 N.
1138 2702 1172 2763 Α.

120 2789 181 2856 XV,
207 2789 251 2843 11.
287 2783 498 2857 (111111114,
521 2786 575 2843 42.
624 2781 774 2844 Ciceronis
800 2797 890 2844 aetate
915 2785 982 2844 clari
1011 2784 1107 2847 Latini
1132 2784 1173 2844 di-

120 2863 213 2926 cendi.
228 2876 428 2944 praeceptores
456 2862 574 2923 suerunt
599 2864 633 2924 l..
654 2865 767 2925 Plotius
790 2867 907 2926 Gallus'
921 2879 950 2926 ct
971 2870 1013 2930 M.
1034 2868 1174 2927 Antonius

121 2936 244 3028 Gniplro.
263 2946 308 3005 vd.
329 2949 548 3009 Westermanu.
572 2945 608 3013 G.
630 2946 656 3005 d.
677 2968 701 3005 r.
721 2948 754 3008 B.
775 2945 802 3028 ξ.
823 2955 870 3006 30.
1153 2938 1158 2947 “

201 3031 230 3087 in
249 3029 380 3101 scitalas,
400 3029 509 3110 quidus]
530 3030 573 3087 Ex
594 3028 703 3087 emend.
721 3028 940 3092 Schurzlleisch.
963 3051 1023 3089 non
1043 3050 1174 3092 necessa·

120 3108 163 3171 ria
183 3113 213 3169 in
228 3121 293 3169 ante
306 3111 406 3190 quibus
424 3111 661 3189 interposuerunt
680 3108 783 3169 Henna.
801 3111 914 3170 Schulz.
936 3111 1069 3171 O'berlin.
1083 3114 1175 3173 Drou.

120 3191 208 3252 Beklc
237 3193 350 3263 Boett.;
377 3192 459 3250 uncis
487 3189 603 3250 inclusit
633 3191 723 3251 Orcll.
771 3194 816 3251 De
845 3193 943 3268 omiss.
969 3214 1104 3274 praepar.
1130 3192 1197 3255 vd.¹

121 3272 257 3335 Doederl.
276 3273 303 3337 tr
321 3272 339 3330 l.
358 3294 469 3333 memor
487 3273 522 3333 de
544 3271 711 3356 brachylog.
731 3295 856 3333 sermon.
876 3297 967 3354 graec.
991 3287 1021 3334 et
1039 3275 1089 3334 lat.
1105 3297 1134 3356 p.
1147 3278 1174 3335 5.

123 3367 154 3419 et
173 3366 269 3415 annot.
290 3366 381 3413 nostr.
403 3355 437 3413 ad
456 3354 529 3414 Dial.
550 3360 597 3414 32.
618 3354 790 3414 Ramsborn.
810 3379 837 3436 p.
856 3360 924 3428 474.
945 3358 1013 3415 Not.
1035 3364 1064 3416 2

202 3437 343 3513 utrumne]
364 3435 438 3495 Dial.
458 3442 504 3496 37.
547 3435 651 3495 Rarius
675 3458 717 3518 ap.
739 3435 799 3497 Cic.
820 3458 862 3496 or.
883 3460 927 3518 pr.
943 3439 1046 3512 Quint.
1068 3444 1118 3501 30.
1131 3437 1175 3497 ,tle

88 3568 90 3573 ,
122 3519 233 3579 lavent.
254 3523 276 3593 1,
298 3522 363 3591 31,
386 3521 421 3589 ΙΙ,
443 3523 507 3593 33,
535 3517 715 3596 frequentius
742 3540 786 3598 ap.
813 3519 974 3594 Quint-V,
1003 3522 1053 3595 11,
1075 3527 1125 3581 28.
1152 3538 1176 3579 c.

121 3599 384 3681 annot.'Spaldiug.
406 3603 470 3669 Xll‚'
491 3604 517 3673 1,
538 3602 585 3658 41.
609 3623 636 3658 v.
650 3600 782 3662 Bonnell.
806 3601 873 3659 Lex.
894 3600 996 3674 Quint.
1017 3623 1041 3660 s.
1061 3622 1091 3662 v.
1132 3598 1176 3665 C(

124 3682 241 3764 Reisig.
257 3681 368 3741 Vorles.
390 3680 417 3763 ᾗ.
437 3687 506 3740 277.
526 3679 592 3760 ibiq.
613 3680 683 3743 locc.
705 3681 750 3743 all.
772 3682 882 3763 scriptt.
903 3682 1050 3742 collectos.

200 3763 254 3823 sed
273 3767 303 3821 in
328 3784 408 3844 quem
431 3796 468 3808 -
489 3763 589 3839 intrat]
631 3765 649 3820 Ι.
671 3784 694 3821 e.
716 3763 811 3822 sedis
841 3775 886 3822 est
913 3764 1013 3837 locus,
1040 3764 1072 3823 iu
1094 3783 1177 3844 quen

12 3867 14 3876 ·
123 3865 208 3906 nemo
232 3845 288 3905 uisi
308 3865 397 3924 aeque
419 3844 568 3923 imperitus
590 3844 685 3902 intrat.
705 3845 751 3906 vd.
774 3844 875 3930 Quint:
896 3847 933 3920 Χ,
957 3852 985 3920 1,
1008 3853 1055 3905 82.
1101 3845 1178 3926 Quid

71 3983 73 3986 .
123 3946 176 4001 ego
206 3947 424 3985 commemorem
444 3926 636 4005 Xenophontis
665 3927 746 3984 illam
780 3928 983 3986 iucunditatem
1022 3927 1177 4005 inaffecta—
1199 3984 1203 3999 ,

123 4018 203 4081 tam,
231 4009 283 4068 sed
302 4029 389 4090 quom
410 4009 489 4065 nulla
508 4011 639 4088 consequi
659 4005 808 4084 affectatio
827 4011 952 4088 possiti,
978 4010 1066 4068 Unde
1088 4009 1178 4069 mani-

122 4089 228 4153 festum
256 4101 380 4151 estnon
401 4110 517 4149 necesse
541 4110 603 4149 esse
631 4110 694 4148 cum
718 4088 845 4150 Acidalio
872 4089 980 4171 corrigi
992 4093 1106 4170 seilicet
1124 4111 1178 4173 pro

122 4173 175 4239 sed
200 4171 313 4256 probat.
340 4170 430 4233 Orell.
462 4169 527 4254 (qui
547 4170 576 4231 lr.
602 4193 629 4231 v.
657 4190 717 4231 non
744 4171 865 4257 debehat
880 4173 1049 4259 ¹praefigere
1076 4173 1178 4237 aeteri·
