2634 4656
520 249 597 334 Cap,
622 247 700 314 XV.
896 300 905 307 .
1103 253 1144 313 91

487 400 614 478 θη.
647 403 727 460 XV.

165 517 254 591 Tum
279 519 392 618 Aper,
417 518 493 590 Non
515 517 659 610 desinis,
688 507 861 607 Messalla,
888 535 997 592 vetera
1021 535 1152 592 tanturn¹

64 633 98 689 et
123 618 262 716 antiqua
286 617 418 706 mirari,
453 635 645 690 nostrornm
676 636 784 691 autem
816 635 1004 718 temporum
1037 618 1149 690 studia

47 714 210 790 ,irridere
240 734 340 816 atque
374 719 607 792 contemnere?
663 720 747 790 Nam
783 717 870 788 hunc
899 725 992 789 tuum
1021 744 1151 788 sermo·

64 841 144 887 nem
171 840 271 930 saepe
297 816 428 914 excepi,
455 842 566 914 ¹‘quum
600 816 723 889 oblitus
749 822 881 889 eltnae
907 833 938 887 et
964 816 1075 889 fratris
1100 812 1150 889 tui
1178 896 1181 901 ,

65 912 119 987 elo
146 931 278 999 neutrae,
308 914 473 986 neminem
505 913 569 987 hoc
599 933 747 1016 tempore
773 931 938 987 oratorem
971 941 1044 987 esse
1069 942 1150 987 con·

51 941 241 1100 -tenileres,
267 1031 366 1113 atque
392 1012 430 1084 id
455 1041 494 1086 eo
521 1015 622 1086 credo
648 1014 827 1099 audacius,
854 1012 946 1111 quod
964 1011 1152 1109 malignita-

65 1112 113 1183 tis
136 1111 328 1211 opinionem
352 1112 626 1199 non-ierebaris,
677 1141 756 1185 uum
782 1140 853 1185 eam
876 1112 1027 1208 gloriam,
1075 1138 1150 1183 uam
1200 1122 1239 1199 ‚¹

64 1209 130 1285 tibi
155 1209 212 1283 alii
231 1210 440 1298 concedunt,
465 1211 538 1312 ipse
563 1213 625 1285 tibi
652 1142 845 1310 denegares.
899 1216 1016 1312 Neque
1050 1140 1151 1298 llius,

64 1368 153 1440 terae
172 1377 248 1439 Plio.
262 1380 336 1461 Epp.
359 1381 463 1456 tx,¹2,
481 1385 521 1454 3.,
541 1381 579 1454 de
593 1380 763 1441 rhetoribus
779 1379 888 1440 <licitur
906 1379 1022 1462 Dialog.
1041 1382 1087 1440 15.
1102 1384 1151 1441 26.

67 1464 120 1521 35.
140 1462 191 1521 42.
211 1461 293 1521 Suet.
313 1461 403 1523 tthee
422 1467 451 1521 6.
471 1461 575 1537 Quint.
597 1464 662 1536 ΧΙΙ,
687 1468 734 1536 tt,
756 1467 821 1549 16.Ι

132 1553 205 1637 Cap.
226 1559 290 1617 ttV.
334 1558 399 1620 Noa
422 1559 547 1633 teonis,
568 1561 728 1632 Messalla,
758 1572 857 1620 uetera
877 1571 992 1620 tantum
1023 1567 1052 1616 et
1072 1520 1154 1623 antii

65 1652 129 1721 pua
149 1636 272 1720 mirari]
298 1639 374 1699 Dial.
398 1645 442 1699 18.
464 1644 533 1699 uitio
555 1652 654 1700 autem
671 1643 866 1716 malignitatis
886 1642 1035 1700 humanae
1053 1649 1153 1698 uetera
1198 1695 1201 1701 .

65 1738 184 1800 semper
204 1723 234 1778 in
255 1720 359 1793 laude,
376 1709 547 1804 praesentia
567 1712 597 1781 in
609 1721 738 1801 fastidio
755 1743 826 1781 esse.
860 1723 937 1780 Ano.
954 1723 990 1790 ΙΙ,
1009 1725 1059 1778 88.
1081 1719 1152 1779 dum

67 1811 171 1860 uetera
193 1803 377 1877 extollimus,
400 1807 555 1863 recentium
577 1807 720 1873 incuriosi.
743 1806 792 1877 ΙΙΙ,
813 1806 861 1865 55.
884 1823 935 1861 aaa
952 1804 1052 1860 omnia
1072 1797 1155 1879 apud

63 1885 182 1963 priores
195 1885 328 1956 meliora,
348 1885 403 1943 sed
422 1894 523 1944 nostra
544 1907 652 1968 quoqne
668 1895 755 1943 aetas
775 1886 868 1944 multa
884 1883 981 1942 laudis
995 1891 1024 1940 et
1042 1883 1153 1941 artium

66 1963 218 2024 incitanda
233 1969 360 2046 posteris
378 1967 453 2026 tulit.
474 1965 573 2046 Agris.
589 1971 617 2039 1,
636 1966 704 2045 ibiq.
720 1965 840 2027 Walch.
868 1966 970 2024 Horat.
985 1963 1051 2022 Art.
1072 1972 1153 2041 poet

68 2064 99 2105 v.
125 2047 190 2105 173.
217 2046 359 2109 laudator
380 2051 521 2127 temporis
545 2051 607 2106 acti
629 2069 662 2109 sa
679 2069 778 2128 puero.
808 2046 882 2106 Plio.
910 2047 984 2125 Epp.
1005 2046 1028 2118 Ι,
1055 2048 1103 2113 16,
1124 2049 1154 2103 8.

67 2124 172 2204 Neque
182 2129 265 2186 enim
285 2128 371 2188 debet
388 2129 522 2208 operibus
542 2133 608 2188 eius'
623 2131 739 2202 obesse,
765 2129 842 2210 quod
862 2131 936 2186 uioit.
973 2124 1023 2185 An
1036 2128 1063 2182 si
1076 2128 1154 2183 inter

68 2226 138 2281 eos,
160 2230 230 2288 quos
250 2230 395 2292 aunprsam
416 2210 556 2282 uidimus,
578 2211 747 2291 flcrmissat,
777 2232 831 2269 non
855 2211 948 2269 solum
971 2207 1060 2265 libros
1079 2207 1153 2279 eires,

69 2307 170 2353 mum
188 2293 279 2350 etiam
300 2294 444 2367 imagines
458 2296 706 2373 conquireremum
729 2292 857 2350 eiusdem
873 2312 947 2350 nuaa
961 2291 1052 2348 honor
1061 2307 1155 2368 prae·
1228 2284 1232 2294 “

66 2372 163 2430 sentis
192 2381 221 2430 et
245 2376 361 2445 gratia·
374 2375 460 2456 quasi
476 2376 617 2446 satietate
636 2372 881 2444 tmauacalvt,
905 2376 952 2430 21.
973 2369 1036 2428 init
1079 2369 1154 2429 Sum
1191 2420 1194 2425 .

69 2469 111 2514 effi
138 2453 194 2526 iis,
221 2456 274 2531 pul
300 2456 392 2513 mirer
419 2457 568 2534 antiquos:
583 2472 651 2513 'non
671 2460 771 2512 tamen
792 2463 824 2511 ut
844 2451 967 2531 quidam
990 2462 1154 2532 temporum

67 2540 234 2591 metrorum
255 2537 372 2607 ingenia
392 2533 526 2614 despicio.
881 2582 884 2589 .
1026 2524 1033 2542 '
1159 2531 1161 2534 ⁴

151 2608 264 2690 fratris
297 2612 357 2695 tui]
399 2614 468 2673 Fuit
494 2615 552 2682 M„
568 2612 703 2695 Aquilius
738 2615 882 2689 Regulus,
922 2608 1084 2671 causidicus
1104 2626 1107 2639 ·
1124 2617 1156 2668 et

10 2680 18 2700 '
68 2690 185 2753 delator
209 2693 464 2775 improbissimus,
502 2693 553 2790 qui
579 2695 634 2753 sub
659 2695 778 2754 Nerone
804 2707 834 2753 et
853 2692 1023 2753 Domitiano
1052 2687 1154 2749 multis

67 2770 158 2843 bouis
193 2774 265 2835 viris
293 2775 434 2850 exitium,
463 2775 521 2836 sibu
540 2795 613 2834 vero
644 2776 852 2836 hereditatibus
882 2772 1002 2855 captatis
1032 2770 1170 2849 aliisque⁴

90 2854 169 2916 ravis
189 2856 301 2917 artibus
328 2857 463 2916 maximas
492 2856 606 2916 divitias
627 2869 786 2938 paraverat.
828 2855 986 2928 APlinio,
1007 2851 1058 2933 qui
1080 2853 1153 2932 Epp.

23 2976 32 2986 ,
84 2979 98 3007 ,
117 2940 147 2997 5.
164 2932 205 3010 ΙΙ,
228 2945 278 2998 20.
300 2940 363 2998 Vll.
385 2944 509 2998 &eum
533 2937 683 2998 hominem
707 2937 967 3019 flagitiosissimum
989 2934 1156 3015 descripsit,

69 3016 213 3078 Martialis
234 3020 390 3095 dissentit,
421 3041 518 3098 aquo
540 3019 641 3102 Epigr.
666 3022 688 3095 Ι,
714 3026 758 3079 13.
780 3025 829 3078 83.
851 3023 917 3079 112.
948 3015 1094 3087 virtutes,
1126 3024 1158 3072 et

70 3098 124 3173 Ν,
144 3104 190 3158 16.
211 3098 379 3180 eloquentia
394 3101 458 3161 eius
469 3100 620 3160 Tullianae
632 3101 821 3180 pracferenda
838 3098 1038 3165 celebrantur;
1056 3095 1159 3172 deque
1181 3106 1185 3110 '
1209 3108 1213 3113 ’

34 3187 39 3204 ’
69 3178 257 3242 dissernione
278 3182 314 3241 cl.
333 3181 446 3264 Gierig.
461 3183 498 3241 ad
512 3181 586 3241 Plio.
601 3183 676 3262 Epp.
692 3184 714 3254 Ι,
736 3188 763 3241 5.
786 3184 805 3240 Ι.
822 3179 908 3240 Helrl.
929 3177 978 3237 tib.
997 3178 1024 3235 d.
1042 3174 1156 3264 Wertlt

71 3260 127 3321 der
154 3260 401 3346 Brielsaminlung
427 3263 455 3322 d.
476 3262 588 3322 Plinius
609 3284 638 3343 p.
659 3269 707 3321 38.
741 3264 809 3322 Tac.
831 3261 908 3339 Hist.
930 3262 981 3333 ΙΙΙ,
999 3260 1047 3318 42.
1086 3258 1158 3316 Ma-

68 3350 165 3417 gnum
180 3363 215 3402 eo
236 3344 284 3403 die
302 3348 424 3425 pietatis
448 3346 680 3427 eloquentiaeque
692 3341 814 3421 ,samam
835 3345 990 3423 Vipstanus
1011 3338 1157 3401 Messalla

69 3423 196 3503 adeptus
216 3437 279 3500 est,
300 3425 426 3487 madiam
444 3429 597 3485 senatoria
617 3436 718 3484 aetate
736 3446 826 3484 ausus
843 3445 897 3505 pro
911 3421 1014 3501 ,fratre
1036 3420 1155 3502 Aquilia

70 3505 226 3579 Regulod
259 3510 366 3566 reaari.
387 3541 425 3552 -
466 3498 562 3581 Igitur
581 3506 725 3565 Messalla
745 3528 802 3563 non
823 3524 944 3563 causam
966 3521 1056 3584 aeque
1076 3520 1159 3560 reum

70 3589 164 3659 tueri,
191 3526 259 3646 sed)
272 3589 409 3670 perieulis
429 3585 541 3666 fratris
571 3597 663 3646 semet
689 3607 831 3668 opponens
850 3586 987 3666 flexerat
1007 3580 1159 3663 quosdam.

70 3666 215 3727 Occurrit
233 3667 383 3728 Messallae
411 3667 500 3727 truci
515 3666 650 3728 oratione
672 3665 794 3727 Curtius
816 3668 975 3725 Montanus
998 3661 1027 3727 iu
1049 3659 1160 3720 scelera
1232 3702 1235 3707 -

69 3746 181 3830 Reguli
199 3749 340 3808 acerrime
357 3749 500 3809 invectus.
525 3730 531 3756 Ι
1148 3756 1151 3763 “

150 3839 241 3912 atque
269 3831 302 3888 id
315 3851 381 3904 eo,
409 3830 511 3901 eredo,
540 3828 700 3900 audacius,
728 3826 805 3909 quud
833 3825 1029 3899 malignitatis
1048 3824 1159 3903 opiniov

69 3929 137 3969 aem
157 3932 215 3970 nan
235 3909 399 3992 verebaris]
432 3913 559 3992 antiquis
580 3930 614 3968 eo
643 3908 729 3970 eredo
754 3908 912 3976 audacius,
939 3904 1018 3986 quod
1038 3905 1163 3976 maligni

71 3993 103 4049 in
123 3995 162 4052 iis
177 3988 270 4050 Codtl.
291 3994 376 4051 Fara.
401 3992 510 4051 Vaticc.
526 3989 584 4049 nisi
600 3989 681 4070 quod
706 3994 791 4049 1518.
813 3991 941 4062 maligne
954 3989 984 4045 in
1005 3988 1058 4052 iis,·
1080 3987 1160 4043 anti·

61 4076 136 4150 ‘quis
157 4093 191 4131 eo
214 4072 303 4131 eredo
331 4074 489 4146 audatius,
518 4071 597 4150 quod
627 4073 773 4144 malignus
798 4071 844 4129 leis
872 4067 966 4128 codd.
985 4068 1050 4127 Par.
1072 4063 1160 4127 Vind-

10 4228 12 4232 Ι
70 4152 127 4215 Ed
142 4152 222 4236 Spir.
238 4157 379 4240 antiquis,
398 4175 461 4219 esse
474 4153 569 4216 eredis
588 4151 743 4226 audacius,
759 4172 817 4236 quo
836 4146 1158 4228 mutnusannhena
1237 4224 1241 4233 .
