2634 4656
565 267 643 350 Cap.
667 268 759 332 XXI.
1142 273 1202 335 141

123 437 283 504 unumst
308 422 445 521 viginti,
469 437 629 524 utputo,
653 421 758 497 libros
783 421 973 523 reliquerit,
999 424 1054 498 rix
1077 426 1113 499 iu
1138 453 1206 499 uua

120 608 227 668 macies
255 607 366 690 (qualia
392 608 504 670 scilicet
529 608 635 670 lectori
669 608 701 671 in
727 608 846 690 scriptis
873 608 992 669 illorum
1020 609 1206 695 offeruntur)

120 688 249 770 probant
277 689 454 756 uonsolum
476 691 637 751 mediocres
659 703 812 764 oratores,
841 703 876 750 ut
898 688 1054 751 Canutium
1074 704 1125 752 aut
1145 695 1206 752 Ar-

120 768 199 831 rium
222 771 294 832 alios
317 771 404 832 ue-io
424 773 526 833 eodem
546 772 758 833 valetudinario
787 773 843 855 (sc.
866 773 1104 856 cubiculo)'esse
1125 774 1205 857 (sive

119 851 231 934 iacere)
261 796 315 914 sed
342 853 470 934 optimos
500 875 618 935 quoque
645 867 796 927 oratores,
829 866 863 913 ut
883 853 1003 915 Calvum
1026 868 1097 926 etc.;
1129 856 1204 917 scri·

118 945 238 1015 ptorem
264 934 341 994 enim
369 947 478 994 mutata
506 948 654 996 structura
684 936 868 1016 perrexisse:
896 941 957 1016 ipss
986 939 1060 996 arilei
1087 937 1203 1000 Calvus.
1240 977 1248 990 ι

118 1014 236 1097 Agmeu
258 1015 371 1077 claudat
390 1016 558 1077 coniectura
585 1017 619 1076 ab
650 1018 697 1076 Fr.
720 1017 828 1078 Hessio
853 1016 882 1077 io
907 1030 1104 1094 commentatt.
1125 1020 1203 1080 critt.

119 1118 192 1157 mss.
212 1097 380 1179 proposita,
401 1119 475 1177 quae
494 1099 530 1157 ad
550 1098 696 1159 Eclsstein.
718 1122 811 1182 prope
831 1101 958 1160 accedit:
979 1101 1042 1162 Nec
1062 1124 1148 1161 uuum
1165 1100 1203 1162 do

116 1199 158 1258 pu
178 1179 362 1251 quPacuor'r'
381 1179 515 1241 autAttr'
529 1191 559 1240 ut
575 1181 692 1239 aridum
712 1192 800 1264 atque
820 1180 978 1259 deformem
1002 1194 1202 1243 contemno-

119 1202 186 1320 rel:
206 1260 270 1322 Nes
293 1261 436 1321 uuius'de
453 1263 559 1343 populo
570 1262 699 1322 Pacuuii
716 1274 769 1323 aut
784 1265 863 1322 Attii
882 1262 1022 1342 differ-mis
1036 1275 1079 1324 est
1094 1269 1202 1340 oratio,

116 1361 296 1425 quamquam
319 1345 375 1403 alit
396 1346 426 1400 iu
448 1344 548 1401 eodem
568 1344 780 1406 valetudinario
800 1346 874 1403 baec
895 1367 963 1404 ossa
984 1356 1013 1404 et
1040 1347 1116 1406 leuno
1134 1368 1203 1407 ma-

116 1425 192 1483 ciem
216 1423 353 1505 probunt.
401 1422 475 1483 Mihi
503 1423 620 1503 quidem
653 1424 752 1484 locum
786 1447 861 1486 nova
893 1427 1061 1486 coniectura
1088 1439 1202 1489 tentare

117 1525 367 1585 supervacaneum
394 1517 440 1565 est
469 1504 584 1580 visum,
622 1505 673 1586 qui
702 1506 732 1566 in
763 1507 922 1588 desperatis
952 1506 1008 1568 erit
1039 1507 1201 1586 habendus,

118 1585 215 1647 dooec
237 1608 253 1647 e
273 1586 360 1648 bouis
382 1585 475 1648 Codd.
497 1588 626 1647 nondum
649 1587 761 1648 collatis
783 1589 828 1670 (iu
844 1610 904 1668 quo
919 1610 1044 1649 numero
1063 1602 1109 1650 est
1125 1588 1200 1652 Cod.

119 1667 360 1744 Ottobonia'nus,
392 1668 443 1748 qui
464 1671 574 1729 Romae
595 1668 777 1749 asservatur)
806 1671 916 1729 medela
947 1670 973 1730 ei
1001 1671 1097 1752 possit
1117 1670 1201 1732 adbi-

116 1745 193 1808 beri.
234 1751 291 1809 lam
313 1749 427 1831 singula
441 1748 536 1826 ⁴verba
557 1748 785 1825 illustrabimur,
807 1751 902 1830 quoad
923 1747 985 1812 eius
1007 1751 1038 1811 iu
1059 1752 1126 1813 loco
1146 1753 1200 1814 ad·

116 1849 156 1891 eo
184 1830 341 1912 depravato
369 1830 434 1891 lieri
462 1831 582 1912 poterit.
639 1832 718 1892 Unus
747 1832 783 1891 dr
809 1835 937 1913 populo,
966 1845 1001 1892 ut
1021 1840 1069 1893 zor
1095 1842 1124 1893 ἐκ
1154 1839 1202 1897 τοῦ

117 1918 221 1971 πολλοῦ
249 1916 336 1998 dn‘poo
363 1915 401 1981 εἷς
438 1934 482 1994 ap.
513 1912 630 1972 Luciau.
660 1913 762 1972 Sumo.
794 1919 839 1988 9.,
877 1912 1024 2010 sipuificat
1049 1914 1200 1978 bominem

118 1992 286 2076 devulgo,
317 1994 454 2054 humilem
475 2006 562 2075 atque
582 1995 744 2069 abiectum,
773 1994 803 2054 h.
824 1995 843 2054 l.
861 1995 994 2069 sutilem,
1021 1997 1200 2059 mediocrem
1230 2002 1237 2015 ⁸

117 2078 283 2135 oratorem:
307 2087 426 2136 uturum
447 2079 587 2158 epopulo
607 2079 689 2138 Suet.
711 2077 787 2160 Aug.
803 2082 852 2137 56.
874 2101 946 2137 unus
966 2078 1003 2136 dc
1017 2080 1116 2139 multis
1136 2077 1198 2142 Cic.

117 2156 183 2217 Oll'.
197 2156 220 2232 l,
237 2164 288 2230 30,
309 2164 377 2218 209.
401 2158 443 2237 ibi,
463 2158 579 2217 .Beier.
621 2161 722 2234 Quum
744 2180 803 2219 uon
826 2158 894 2219 satis
915 2159 1035 2239 liqueat,
1054 2173 1123 2221 uter
1137 2161 1199 2221 Co-

116 2243 218 2298 nutius
239 2238 416 2335 (Cannutius
438 2181 530 2300 drelt.
552 2239 582 2300 in
601 2241 755 2303 Onomast.
777 2241 854 2300 Tull.
875 2238 980 2301 eGod.
998 2242 1102 2303 Medic.
1123 2244 1198 2325 Epp.

102 2316 197 2400 .Cic.)
225 2332 265 2380 srt
291 2321 517 2405 intelligendus,
545 2342 672 2402 quorum
700 2323 774 2382 alter
801 2323 837 2381 P.
859 2321 1019 2398 Canutius,
1045 2337 1200 2385 accusator

114 2400 286 2483 Oppiairiei,
311 2403 478 2462 Scamandri
500 2415 530 2462 et
549 2402 673 2462 Fabricii
695 2404 724 2461 in
746 2425 830 2463 causa
847 2400 1029 2478 Cluentiano,
1054 2416 1088 2464 ut
1107 2405 1197 2466 homo

116 2480 377 2562 eloquentissimus
399 2497 428 2544 et
448 2483 477 2544 iu
499 2482 601 2565 primis
630 2483 801 2566 ingeniosus
825 2484 960 2545 laudatur
984 2506 1001 2544 a
1029 2483 1091 2546 Cic.
1112 2488 1198 2546 Brut.

116 2569 173 2639 56,
193 2570 263 2624 205.
284 2588 328 2648 pr.
350 2564 467 2626 Clueot.
494 2572 540 2626 10.
564 2571 609 2624 ts.
629 2565 676 2633 al.,
697 2565 771 2624 alter
793 2565 835 2624 Τι’.
858 2564 1018 2641 Canutius,
1038 2565 1130 2647 (idem
1146 2567 1198 2647 qui

118 2645 202 2705 Suet.
225 2646 261 2706 de
278 2647 345 2706 clar.
367 2646 442 2708 rlret.
462 2650 491 2708 4.
513 2646 586 2706 falso
609 2646 640 2706 G.
662 2645 770 2706 dicitur
791 2645 842 2706 ubi
864 2668 890 2704 v.
911 2645 1010 2725 Erm),
1036 2648 1195 2710 acerrimus

116 2726 160 2786 Μ.
185 2728 308 2788 Autouii
333 2728 536 2803 adversarius,
565 2750 651 2808 quem
673 2727 741 2788 trib.
761 2727 837 2809 pleb.
861 2727 1000 2788 contiuua
1019 2727 1100 2791 rabie
1120 2730 1196 2791 laee-

113 2806 198 2871 rabat
218 2810 265 2870 vd.
285 2808 346 2870 Cic.
369 2808 442 2870 Phil.
464 2811 513 2885 ΙΙΙ,
535 2814 563 2869 9.
591 2811 666 2892 Epp.
693 2811 729 2870 ad
755 2813 832 2871 Fum.
862 2811 928 2886 Xll,
958 2816 1005 2884 3.,
1041 2807 1077 2870 ab
1105 2812 1198 2875 Octa·
1300 2857 1302 2861 -

116 2888 206 2950 'viano
225 2902 327 2989 postea
347 2902 466 2952 necatus
486 2901 532 2952 est
553 2891 599 2951 vd.
619 2892 693 2953 vett.
714 2894 776 2952 Pat.
791 2895 827 2967 ΙΙ,
847 2894 914 2969 64.,
933 2890 1086 2954 Droukius
1107 2893 1197 2955 intel-

113 2968 190 3032 lexit
202 2971 373 3048 Tiberium,
390 2973 477 3033 Bach.
499 2995 559 3033 rem
582 2973 612 3032 iu
632 2973 893 3054 medioqrelioquit.
934 2973 1059 3050 Arrius,
1081 2975 1107 3035 si
1121 2977 1195 3038 fides

115 3050 249 3114 babendo
271 3066 316 3115 est
336 3054 477 3115 emendat.
498 3056 633 3114 Gronov.
655 3055 725 3136 (pro
744 3056 829 3116 Attio
843 3076 929 3134 quem
942 3066 1090 3115 oratorem
1106 3078 1195 3117 nemo

116 3134 237 3216 uouit),
265 3136 356 3196 luisse
376 3137 494 3195 videtur
517 3136 557 3210 is,
588 3136 639 3215 qui
665 3150 785 3218 praetor
809 3143 878 3196 682.
898 3137 937 3194 U.
959 3133 993 3196 C.
1021 3137 1195 3218 aSpartaco

116 3214 214 3277 victus
237 3228 266 3277 et
288 3223 356 3278 695.
375 3217 406 3277 in
427 3217 571 3300 petitione
595 3218 764 3279 consulatus
786 3239 802 3278 a
820 3215 944 3278 Caesare
970 3216 1129 3279 destitimus
1152 3218 1195 3281 sic

117 3298 296 3359 describitur
314 3321 331 3359 a
351 3298 412 3362 Cic.
435 3301 519 3358 Brut.
538 3304 587 3373 69,
609 3303 670 3360 242
691 3321 734 3378 sq.
765 3320 788 3360 c.
816 3310 917 3358 annot.
945 3300 1058 3384 Meyer.
1109 3301 1197 3382 Quod

115 3380 200 3443 idem,
211 3380 350 3461 faciebat
380 3382 416 3462 Q.
436 3381 560 3454 Arrius,
590 3385 642 3462 qui
659 3380 723 3459 suit
748 3381 791 3440 M.
813 3381 917 3440 Crassi
942 3385 1031 3463 quasi
1049 3384 1205 3444 secunda-'

115 3483 191 3522 rum.
234 3462 266 3522 Is
281 3464 412 3524 omnibus
426 3464 558 3544 euemplo
574 3462 658 3530 debet
672 3464 746 3536 ess‘e,
766 3465 950 3544 quantumin
965 3464 1023 3522 Ιιασ
1038 3466 1108 3524 urbe
1148 3467 1194 3525 ul-

114 3544 179 3604 leat
200 3546 354 3604 multorum
380 3545 498 3604 obedire
518 3547 643 3624 tempori
664 3545 875 3626 mullorumque
897 3544 943 3602 oel
962 3545 1067 3605 honori
1087 3487 1194 3627 ‘’eppe-

114 3626 208 3686 n‘culo
229 3630 345 3687 seruire.
386 3626 444 3685 His
465 3630 540 3684 enim
562 3626 648 3684 rubus
668 3623 766 3704 infimo
780 3627 844 3692 loro
864 3636 952 3684 nutus
972 3635 1001 3684 et
1019 3627 1144 3686 bonores
1164 3632 1194 3687 el

111 3712 270 3790 pecuniam
291 3718 319 3767 et
338 3712 471 3784 gratiam
493 3717 663 3766 consecutus
680 3710 771 3765 etium
796 3710 826 3765 r'n
840 3716 1033 3787 patronorum
1053 3712 1115 3767 sr'rrs
1138 3708 1193 3768 do-

114 3794 232 3862 ctriua,
262 3793 323 3848 εἰπε
351 3793 466 3864 iugenio
491 3789 617 3870 aliquem
649 3809 798 3847 numerum
825 3798 1008 3868 pervenerat.
1056 3789 1089 3848 C.
1111 3790 1195 3850 ¹Fur-

114 3874 196 3931 m'um
219 3871 359 3931 Gronov:
376 3870 489 3953 putavit
509 3869 601 3929 luisse
620 3868 654 3930 C.
674 3871 725 3944 R,
748 3869 872 3929 amicum
895 3866 1066 3945 Ciceronis,
1095 3893 1110 3930 a
1131 3884 1213 3951 quo.

116 3953 153 4013 ad
177 3973 246 4013 eum
275 3964 390 4013 exstant
418 3951 543 4032 scriptae
571 3952 645 4030 Epp.
674 3951 708 4010 ad
735 3952 813 4009 Fam.
837 3949 877 4024 X,
898 3955 937 4010 25
957 3961 988 4010 et
1008 3956 1076 4026 26.,
1108 3954 1192 4014 cuius

113 4035 291 4119 posterioris
313 4054 358 4115 ep.
379 4033 467 4094 verba
487 4054 553 4092 eum
573 4044 730 4112 patronum
751 4030 879 4092 nobilem
902 4042 932 4091 et
954 4031 996 4092 sic
1013 4031 1043 4090 iu
1064 4034 1194 4095 diserto-

114 4138 184 4178 rum
204 4137 328 4178 numero
349 4116 440 4176 luisse
461 4115 608 4197 produnt:
630 4114 656 4174 0
678 4118 721 4173 mi
732 4115 840 4190 Furni,
861 4135 949 4195 quoru
968 4124 1001 4173 tu
1017 4124 1100 4175 tuam
1119 4136 1193 4176 cau·

112 4212 257 4262 somuo'n
273 4204 367 4276 nosti,
387 4200 438 4282 qui
455 4201 570 4258 atteras
587 4191 652 4262 tom
664 4194 762 4276 facilc
779 4195 886 4256 discus.
927 4197 978 4257 De
996 4195 1124 4258 Toram’o'
1144 4196 1193 4260 vel
