2634 4656
315 260 320 271 s
413 290 426 305 .-
484 220 752 341 capuana·
808 252 811 258 ·
876 262 879 273 ·
1066 229 1128 322 roa

63 404 197 483 briones
220 439 293 482 cum
320 408 529 483 auditoribus
557 410 630 483 suis
651 409 782 484 fabulas
806 410 945 487 habent:
967 412 1133 510 >coliigunt

66 510 155 582 enim
186 509 367 610 discipulos
392 538 459 582 non
484 511 653 585 severitate
687 510 880 627 disciplinae
912 541 973 586 nec
1004 513 1130 610 ingenii

65 609 308 709 experimento,
351 610 410 683 sed
440 609 617 683 ambitione
649 609 878 684 salutationum
908 629 939 684 et
966 611 1130 686 illecebris
1199 648 1205 660 ·

10 736 12 751 ²
64 708 274 793 adulationis.
335 709 482 781 Transeo
534 707 847 801 rinra'discentiunr
880 711 1055 801 eienientn,
1094 712 1131 784 iu

65 808 191 909 quibus
215 827 245 882 et
269 810 351 911 ipsis
374 826 491 910 porum
509 740 694 900 iirboratur3
719 837 779 883 nec
804 811 838 883 in
861 813 1050 884 auctoribus
1074 841 1131 886 co·
1165 872 1167 879 .

63 978 208 1048 modestia
234 987 458 1049 adolescentium
481 987 579 1048 refert.
627 989 720 1049 Sedea
740 992 816 1047 inter
841 961 972 1066 iubenes,
999 999 1030 1050 ut
1049 992 1131 1055 sole·
1234 1042 1236 1049 ,

65 1069 151 1129 dam:
169 1064 266 1152 'atque
295 1074 385 1130 etiam
413 1074 566 1153 experior,
588 1065 732 1153 spirantum
755 1071 837 1152 apud
856 1074 921 1133 iilos
947 1075 1132 1133 auctoritatis

10 1203 12 1207 .
52 1173 104 1231 ,ea
127 1152 231 1211 studiis
252 1153 384 1211 habeam.
426 1153 505 1213 Nam
524 1156 658 1234 proxime
669 1151 821 1234 frequenti
838 1152 985 1214 auditorio
1006 1159 1081 1214 inter
1099 1164 1138 1215 se·

34 1296 35 1300 ,
64 1254 169 1293 coram
190 1236 288 1293 multis
309 1235 419 1294 ordinis
440 1238 487 1293 sui
506 1237 587 1294 clare
603 1237 633 1295 'lo
653 1236 812 1310 credantur,
833 1239 955 1309 intrari,
986 1241 1131 1296 conticue—
1174 1233 1180 1239 ’
1287 1285 1294 1299 .

46 1324 142 1375 'runt
183 1316 270 1397 Quod
283 1339 339 1376 non
354 1315 503 1395 referrem,
525 1258 652 1379 oisiaci
656 1318 770 1376 iliorum
792 1322 886 1395 magis
905 1318 1021 1378 laudem
1042 1340 1131 1402 quam

64 1419 163 1458 meam
179 1402 346 1479 pertineret.
388 1400 431 1459 De
457 1399 575 1479 perfect
601 1404 770 1460 intr-'avimus
793 1399 891 1483 signif:
911 1396 1011 1459 adiisti
1031 1401 1131 1482 posita

64 1479 221 1559 ciauuot.
240 1482 275 1540 ad
294 1480 373 1540 Diei:
390 1483 437 1542 24.
457 1481 570 1541 Kueh'n.
591 1482 626 1542 ad
646 1480 707 1542 Cic.
728 1483 816 1565 Tusa.
834 1483 886 1556 ΙΙΙ,
909 1489 938 1556 2,
961 1487 988 1542 3.

71 1634 78 1645 .
144 1576 208 1639 Nea
224 1584 430 1660 praeceptores
452 1577 584 1661 quidem]
606 1581 665 1641 Pro
689 1580 754 1641 lect.
775 1578 867 1640 Codd.
883 1592 911 1640 et
928 1579 1132 1661 plerarumque
1193 1564 1195 1572 .

62 1658 138 1720 Edd.
158 1681 211 1718 nee
237 1693 271 1705 —·
296 1661 408 1745 quidem
431 1681 446 1720 e
469 1661 602 1722 Gronov.
632 1662 770 1723 emendat.
798 1663 828 1721 in
849 1674 959 1722 annott.
981 1663 1131 1743 proposita

64 1741 269 1826 ne-«rpuidem
292 1753 464 1823 receperunt
483 1743 554 1802 Ern.
571 1745 653 1804 Brut.
674 1744 789 1805 Schola.
811 1743 910 1804 Oberl.
934 1743 1024 1805 Orell.
1041 1744 1130 1805 Bekk.
1160 1785 1166 1801 .
1228 1748 1230 1753 '

62 1824 163 1885 Baeti.
189 1822 234 1884 Cs.
254 1836 355 1884 annot:
373 1826 407 1885 ad
427 1823 500 1884 Diei.
525 1831 570 1884 10.
614 1817 617 1826 ’

146 1945 203 2003 non
222 1928 376 1984 seueritate
403 1914 590 2006 disciplinae]
620 1921 676 1983 Vd.
696 1922 769 1984 Pliu.
794 1923 867 2005 Epp.
889 1925 939 1997 ΙΙΙ,
959 1930 989 1998 3,
1011 1931 1038 1985 3.
1068 1929 1130 1985 iam

61 2007 330 2088 circumspiciendus
356 2006 455 2067 rhetor
476 2005 618 2083 Latinus,
646 2009 727 2067 cuius
753 2007 872 2065 scholae
891 2012 1047 2082 seueritas,
1073 2031 1131 2089 pu-

63 2088 136 2163 dor,
162 2091 192 2147 in
210 2092 314 2169 primis
335 2091 459 2149 castitas
477 2098 594 2149 constet.
619 2088 721 2162 Quint.
742 2089 765 2162 Ι,
783 2065 816 2163 i,
836 2095 864 2148 5.
886 2089 921 2174 lt,
942 2095 972 2166 2,
996 2093 1123 2166 1·-4.„

146 2189 255 2261 ingenii
264 2185 486 2268 experimento]
514 2188 569 2246 Est
585 2156 805 2268 inteiligendum
826 2186 861 2246 de
882 2187 1129 2268 praeceptoribus,
1181 2240 1184 2249 .

63 2267 117 2348 qui
142 2266 252 2349 ingenii
279 2269 485 2349 doctrinaeque
513 2268 693 2329 documentis
719 2268 802 2328 editis
830 2268 931 2329 samam
957 2291 989 2329 ac
1017 2270 1130 2331 leudem
1226 2293 1228 2303 ’

63 2362 135 2412 suut
158 2351 314 2410 consecuti.
347 2350 421 2410 Vett.
447 2352 506 2410 Pat.
528 2352 564 2425 ΙΙ,
584 2352 631 2411 94.
657 2356 818 2431 praecipua
839 2354 964 2409 omnium
992 2355 1127 2413 virtutum

63 2436 268 2516 experimenta
285 2433 378 2493 edere.
406 2433 486 2492 Suet.
507 2433 575 2492 Ner.
597 2439 644 2492 22.
666 2433 774 2490 artium
798 2436 997 2512 experimento
1015 2433 1096 2492 dare.
1190 2515 1192 2519 4
1242 2495 1247 2507 .

101 2564 104 2581 ·
146 2531 301 2592 ambitione
320 2528 547 2673 salutationum&
584 2529 672 2604 Quod
694 2550 709 2589 e
731 2528 895 2597 coniectura
916 2529 1023 2588 Acidai.
1045 2550 1127 2591 rece-

134 2625 168 2672 nt
193 2613 352 2673 Heumann.
377 2611 491 2674 Schola.
549 2610 610 2672 rell.
639 2613 790 2671 confirmat
810 2609 881 2671 Cod.
902 2612 985 2672 Fara.
1007 2623 1035 2671 et
1055 2633 1127 2694 pro·
1175 2622 1178 2633 ⁴

52 2634 163 2779 ,iiiim
190 2707 235 2756 est
261 2695 383 2757 Bekker.
406 2705 435 2753 et
455 2715 551 2774 seqq.;
584 2695 773 2754 salutantium
794 2691 885 2753 Codd.
906 2694 969 2752 Par.
989 2694 1127 2776 Vind-et

64 2790 133 2842 cett.
153 2779 225 2838 Edd.
267 2775 441 2859 Cogitandae
464 2788 558 2838 autem
586 2787 656 2836 suut
679 2762 821 2856 ipsorum*
838 2774 1056 2856 praeceptorum
1079 2799 1125 2837 sa·
1163 2830 1166 2837 ,
1200 2838 1204 2861 ι

63 2860 237 2936 lutationes,
258 2881 311 2940 per
329 2881 398 2939 quas
419 2858 541 2920 divitum
560 2870 591 2918 et
614 2858 813 2940 potentiorum
835 2869 985 2938 parentum
1005 2858 1125 2940 gratiam

64 2943 205 3026 captando
231 2963 332 3003 eorum
353 2940 430 3004 filios
451 2940 507 3011 sibi
529 2940 686 3022 discipulos
705 2941 861 3021 acquirant.
907 2939 1035 3003 Ambitio
1056 2941 1074 2999 i.
1095 2964 1123 3022 q.

59 3025 187 3108 ‚captatio
208 3020 314 3107 gratiae
337 3045 368 3084 aa
388 3016 494 3083 favoris
517 3022 608 3104 (amb.
628 3024 682 3082 sal.
708 3021 938 3086 Gunstbuhlerei
959 3022 1048 3082 durch
1068 3023 1122 3083 Vi-

64 3105 272 3188 siteumachen)
292 3104 323 3173 iu
342 3104 441 3165 malam
458 3117 568 3187 partem
584 3116 743 3186 usurpatur
761 3127 776 3164 a
797 3103 907 3184 scriptt.
921 3125 979 3185 arg.
1000 3116 1053 3167 aet.
1074 3106 1121 3169 vd.

62 3188 182 3267 Walch.
211 3190 245 3249 ad
271 3189 336 3248 Tae.
357 3187 453 3270 Agria
474 3210 503 3269 p.
526 3192 591 3249 107.
620 3185 736 3250 Ruhnk.
764 3185 861 3247 schot.
882 3185 916 3245 ad
935 3184 1016 3246 Suet.
1038 3184 1121 3248 Caes.

62 3279 112 3335 28.
133 3283 163 3334 et
181 3272 276 3333 Boett.
291 3271 364 3333 'Lex⁸
384 3272 451 3347 Tac.
472 3291 494 3330 s.
518 3292 544 3331 v.
674 3276 676 3281 '

145 3373 174 3428 in
191 3368 289 3452 quibus
316 3379 344 3428 et
363 3373 432 3450 ipsis
448 3388 555 3450 parum
576 3365 744 3449 laboratur]
780 3366 806 3429 Ε
827 3363 899 3426 Cod.
919 3367 1002 3428 Farn.
1028 3366 1119 3448 (teste

63 3449 203 3532 Schlutt.)
222 3450 317 3531 recepi
337 3452 487 3512 laboratur
498 3471 553 3530 pro
572 3449 685 3532 vulgata
702 3450 871 3509 elaboratur
890 3451 1118 3511 commendatum

62 3534 98 3596 ab
118 3535 202 3595 Haas.
221 3545 321 3592 annot..
334 3539 399 3593 322.
419 3534 454 3594 ad
474 3531 582 3614 Reisig.
596 3532 711 3591 Varios.
734 3529 761 3614 §.
779 3536 844 3591 177.
868 3531 918 3611 (de
938 3531 1021 3592 discr.
1040 3526 1125 3591 utri-'

61 3637 155 3696 usque
175 3614 257 3677 verbi
276 3616 323 3675 vd.
343 3627 439 3676 annot.
460 3625 552 3677 nostr.
573 3614 608 3674 ad
622 3613 694 3675 Dial.
717 3612 771 3696 6.),
793 3613 878 3693 quod
893 3612 1028 3695 explicat:
1049 3634 1117 3673 mun

61 3698 135 3760 lisst
161 3719 191 3759 es
219 3697 279 3757 sich
307 3697 405 3780 weuig
426 3717 515 3778 xsauer
540 3695 718 3778 werdeu.(i.
740 3717 764 3756 e.
783 3695 814 3755 iu
841 3694 945 3775 quibus
965 3715 1025 3754 non
1045 3693 1125 3775 satis

60 3801 166 3863 operae
185 3778 363 3860 insumitur).

70 3879 76 3890 '
141 3899 191 3938 nec
206 3877 421 3938 in'auctoribus
441 3872 659 3958 cognoscendis]
685 3875 798 3936 Auctor
824 3895 879 3956 pro
906 3873 1046 3954 scriptore
1065 3875 1120 3936 io..·
1201 3883 1202 3887 ’

59 3960 152 4022 valuit
172 3971 261 4020 aetate
280 3970 413 4040 argentea
432 3958 479 4018 vd.
499 3957 616 4018 Herbst.
643 3958 679 4018 ad
700 3959 800 4034 Quint.
821 3960 859 4032 X,
882 3962 908 4030 1,
932 3960 980 4017 24.
1008 3957 1113 4019 Krebs.

57 4042 211 4104 Antibarb.
231 4065 258 4123 p.
281 4046 347 4101 119.
386 4040 559 4115 Cognoscere
579 4040 598 4098 i.
619 4062 646 4120 q.
667 4053 774 4102 attente
793 4041 906 4183 Ιεῗτε,
926 4050 960 4098 ut
978 4040 1110 4101 notitiam
1196 4109 1198 4114 .

56 4124 145 4194 alicui
163 4123 207 4186 rei
224 4122 278 4183 tibi
296 4144 388 4205 pares.
407 4122 454 4182 vd.
469 4123 564 4182 Brem.
584 4122 619 4182 ad
637 4121 726 4185 Carta.
741 4123 812 4206 Nep.
848 4144 895 4208 ys.
913 4122 943 4184 4.
964 4121 1108 4184 (iseram.
1146 4151 1149 4157 ·
1171 4150 1174 4155 ·

55 4207 94 4299 ad
112 4205 174 4274 cic
192 4205 281 4272 Acad-
299 4207 337 4286 ΙΙ,
357 4209 385 4268 1’.
404 4203 445 4266 iu.
463 4215 495 4283 et
512 4210 544 4285 8,
562 4208 612 4274 2³.
725 4285 730 4297 .
