2634 4656
505 228 572 313 cap
607 229 682 293 XX.
1074 233 1137 295 tat

47 386 116 457 ¹ant
138 382 276 463 Pacuvii
304 398 439 457 veterno
464 373 679 481 inquinatus,
704 379 765 453 sed
791 381 978 456 1111011111
1005 384 1138 459 11111-

56 528 162 597 coepta
181 526 228 576 est
249 536 265 575 a
286 514 457 576 Schneider.
487 512 673 574 Elementarl.
695 512 722 572 d.
745 513 805 572 Lat.
827 513 894 595 Spr.
921 516 954 575 P.
978 518 998 575 l.
1018 537 1046 597 p.
1067 518 1137 578 441.

55 599 154 658 Beier.
175 599 210 658 ad
231 596 292 658 Cic.
314 596 377 658 011.
396 600 446 671 111,
467 600 516 656 21.
537 618 565 677 p.
587 598 656 657 343.
694 593 861 655 Weichert.
875 597 910 655 de
927 598 960 655 L.
980 600 1048 658 Ver.
1070 621 1098 680 p.
1109 603 1138 658 9.

57 680 192 741 Goeller.
212 681 247 739 ad
276 677 339 739 Cic.
361 678 526 749 0111.11.;
556 677 665 737 Accius
685 697 729 757 ap.
750 674 812 736 Cic.
839 677 956 738 exhibet
977 678 1069 739 Orell.
1089 680 1138 739 vd.

58 764 215 823 0110111111
236 759 314 820 Tull.
334 760 366 819 P.
388 763 422 816 ll.
442 783 471 841 p.
493 761 522 819 4.
547 757 680 818 Mueller.
702 780 746 838 ap.
767 761 892 825 Varron.
919 761 952 819 L.
976 761 1008 819 L.
1028 763 1067 836 V,
1089 766 1138 820 98.

56 848 124 919 Vll,
148 847 195 903 19.
218 841 253 902 11.
293 839 419 901 Nomina
445 840 525 900 Ait-ii
546 851 576 900 11
606 840 727 898 Pacuvii
751 839 850 900 multis
881 840 955 902 locis
984 841 1139 902 coniuncta

55 925 218 1009 leguntur,
238 935 273 983 ut
293 922 367 983 Dial.
387 927 436 982 21.
458 921 563 996 Quint.
583 925 620 996 X,
644 927 671 994 1,
694 926 742 980 97.
763 921 866 982 Horat.
887 925 961 1005 Epp.
979 927 1015 998 ll,
1040 929 1066 996 1,
1089 930 1138 983 35.

56 1005 184 1076 lllartial.
204 1006 257 1086 Ep.
278 1008 328 1079 Xl,
350 1008 401 1077 91,
420 1011 449 1063 5.
480 1001 555 1065 Vell.
576 1003 639 1062 Pat.
665 1005 750 1077 11,9.
779 1002 827 1062 vd.
857 1005 1024 1065 Weicltert.
1045 1017 1137 1086 poett.

56 1087 135 1148 Latt.
156 1087 218 1146 rell.
240 1109 267 1168 p.
291 1091 336 1148 13.
378 1085 413 1144 L.
435 1085 553 1158 Attius,
582 1083 633 1163 qui
653 1095 738 1142 natus
761 1087 888 1144 58411.
912 1085 946 1148 C.
968 1087 1042 1146 vixit
1061 1086 1139 1147 ultra

58 1176 102 1229 80
123 1191 241 1241 annum,
264 1190 279 1226 a
297 1165 452 1240 Cicerone,
475 1165 526 1245 qui
545 1164 714 1225 adolescens
732 1167 847 1245 saepius
863 1189 927 1227 curn
946 1189 1028 1228 cose
1045 1168 1139 1234 collo-

58 1262 163 1312 cutum
183 1249 327 1333 significat
347 1249 447 1326 (Brut.
467 1254 518 1322 28,
538 1246 631 1329 197),
647 1246 748 1329 gravis
771 1258 801 1306 et
819 1247 991 1330 ingeniosus
1012 1250 1139 1331 appella-

56 1345 128 1403 tur,
156 1352 255 1411 aquo
284 1329 393 1390 multae
423 1330 604 1390 Graecorum
632 1327 798 1411 tragoediae
825 1343 876 1390 aut
897 1331 1059 1391 imitatione
1087 1353 1140 1391 ex-

57 1434 178 1496 pressae
200 1424 250 1472 aut
269 1411 300 1470 in
314 1411 449 1471 latinum
468 1430 627 1471 conversae
647 1423 733 1483 sunt,
753 1421 788 1468 ut
807 1410 945 1486 Alcestis,
967 1413 1139 1488 Alcmaeon,

57 1494 227 1577 Meleager,
247 1493 430 1569 Philocteta,
458 1490 637 1552 Phoenissae
659 1490 694 1551 al.
744 1490 870 1572 Scripsit
890 1515 1009 1573 quoque
1029 1492 1140 1555 fabulas

57 1588 175 1660 togatas
205 1585 416 1657 praetextatas,
445 1594 567 1653 quarum
595 1583 765 1655 argumenta
792 1593 826 1632 11
855 1574 979 1635 historia
1009 1566 1172 1636 11011111ν

99 1657 152 1717 1111
176 1669 278 1732 erant,
311 1656 436 1716 Decium
457 1654 520 1714 sive
538 1655 688 1713 Aeneadas
707 1665 737 1714 11
757 1655 883 1714 Brutum
906 1657 954 1716 vd.
977 1679 1041 1738 sup.
1062 1680 1090 1739 p.
1113 1662 1141 1716 7.

57 1679 237 1800 litatorum
258 1739 360 1820 lragm.
381 1735 531 1820 congessit
551 1735 640 1795 Both.
664 1734 694 1794 in
715 1746 807 1874 poett.
829 1737 904 1796 Latt.
926 1738 1050 1799 scenice.
1074 1736 1140 1797 Vol.

58 1822 97 1880 V.
120 1822 153 1881 P.
177 1822 196 1879 1.
226 1843 255 1902 p.
280 1825 338 1881 156
366 1841 410 1899 sq.
467 1816 668 1877 Didascalicon
698 1814 718 1874 li
742 1837 791 1875 ros
817 1819 994 1900 conscripsit
1021 1826 1141 1895 novem,

15 1932 20 1939 ’
59 1922 188 1984 quorum
216 1902 378 1983 fragmenta
406 1899 526 1982 collegit
555 1900 573 1956 1.
595 1899 631 1959 N.
659 1897 784 1978 Madvig.
812 1898 843 1957 in
873 1912 1028 1961 comment.
1050 1902 1085 1961 dc
1107 1902 1141 1960 L.

59 1983 137 2045 Attii
167 1981 354 2044 didascalicis.
389 1983 484 2041 Havn.
509 1985 595 2039 1831.
624 1983 652 2040 4.
678 1981 794 2059 repetit.
819 1980 850 2039 in
882 1983 983 2042 Eiusd.
1013 1983 1141 2064 Opuscc.

57 2064 138 2127 acad.
166 2066 260 2125 Havn.
282 2066 370 2124 1834.
392 2070 421 2123 8.
439 2084 468 2143 p.
490 2068 529 2121 87
551 2083 594 2141 sq.
645 2061 688 2119 M.
711 2061 872 2137 Pacuvius,
901 2076 960 2123 nat.
979 2063 1143 2124 Brundusii

58 2149 132 2208 534.
158 2148 198 2206 U.
220 2144 254 2208 C.
274 2157 362 2205 mort.
391 2143 512 2204 Tarenti
534 2149 612 2218 623,
640 2143 728 2201 Ennii
757 2165 849 2225 nepos
879 2168 914 2206 ex
933 2167 1056 2222 sorore,
1085 2147 1142 2206 ho-

59 2249 129 2309 spes
160 2239 190 2288 11
216 2227 324 2288 amicus
354 2224 389 2287 C.
417 2223 525 2299 Laelii,
560 2224 723 2306 tragoedias
761 2226 879 2306 scripsit
910 2249 946 2287 ex
979 2226 1142 2287 imitatione
1175 2280 1179 2287 .

61 2312 264 2383 Graecorum,
301 2307 383 2384 velut
416 2306 597 2367 Duloresten
634 2304 696 2387 (vd.
725 2307 762 2365 H.
790 2309 854 2366 Stie
875 2308 933 2367 1111.
961 2310 996 2368 de
1023 2308 1170 2370 Pacuvii*

58 2389 256 2472 Duloreste),
275 2387 451 2472 lphigeniam
471 2387 641 2459 'lauricam,
663 2387 820 2525 Antiopam
841 2331 894 2462 11,,
914 2389 1038 2449 fabulam
1056 2403 1142 2472 toga-

60 2484 121 2533 tam
148 2477 354 2553 praetextatam
382 2469 514 2531 Paullum
543 2466 606 2548 (vd.
625 2466 752 2526 Ncukirc
776 2512 783 2526 .
813 2469 849 2528 de
878 2470 933 2529 sah.
964 2483 1027 2554 tog.
1055 2472 1143 2532 Rom.

20 2570 23 2575 ’
60 2576 92 2637 p.
112 2559 150 2613 73
174 2552 252 2635 11,),
282 2574 403 2631 quarum
423 2551 526 2633 fragm.
547 2546 668 2630 collegit
686 2549 774 2607 Both.
798 2548 827 2608 ll.
848 2572 875 2630 p.
899 2557 938 2610 98
960 2574 1002 2632 sq.
1040 2550 1142 2613 ACi-

63 2655 193 2710 oerone,
221 2633 272 2716 qui
294 2633 466 2712 frequenter
495 2651 599 2690 versus
624 2650 660 2689 cx
682 2630 744 2689 eius
758 2628 931 2712 'tragoediis
954 2631 1052 2693 citavit
1079 2631 1143 2713 (vd.

64 2715 220 2779 Onomast.
240 2714 318 2774 Tull.
339 2716 371 2775 P.
393 2718 428 2772 11.
446 2736 473 2795 p.
495 2715 555 2773 434
569 2733 612 2791 sq.
632 2711 676 2770 ed.
699 2709 792 2773 Orell.
811 2725 840 2772 11
855 2713 989 2796 Baiter),
1010 2735 1142 2775 summus

62 2797 193 2880 tragicus
213 2796 349 2856 laudatur
368 2794 404 2854 de
425 2815 443 2853 0
465 2807 486 2853 t.
504 2815 570 2877 gen.
592 2813 635 2851 01.
659 2798 687 2866 1,
710 2799 749 2866 2.,
772 2793 822 2872 qui
843 2795 953 2876 pariter
973 2807 1060 2876 atque
1080 2797 1143 2856 1111-

63 2877 131 2939 nius
153 2891 184 2938 ct
199 2876 298 2937 Attius
320 2896 381 2936 non
399 2818 499 2950 rerlsa,
524 2874 576 2936 sed
597 2874 657 2934 vim
672 2874 852 2934 Graecorum
872 2877 1050 2958 expresserit
1069 2898 1143 2960 poe-

32 3033 35 3038 ,
62 2971 170 3020 tarum.
212 2959 316 3034 Quint.
338 2959 378 3033 X,
395 2962 429 3031 1,
452 2962 501 3016 97.
553 2954 738 3032 Tragoedias
757 2962 915 3038 scm'ptores
937 2970 1063 3019 veterum
1086 2958 1144 3019 At.
1176 3004 1180 3013 .

64 3045 125 3102 tius
144 3050 233 3123 atque
243 3039 389 3100 Pacuvius
410 3040 570 3098 clarissimi
584 3042 734 3125 gravitate
750 3043 972 3115 sententiarum,
993 3040 1145 3101 cerberum

59 3122 206 3207 pondere,
226 3124 407 3182 auctoritate
424 3139 627 3202 personarum.
671 3118 806 3179 Ceterum
828 3125 904 3180 nitur
926 3131 955 3180 ct
977 3142 1094 3180 semma
1115 3126 1144 3180 in

63 3203 234 3263 excolendis
249 3203 384 3284 operibus
404 3223 509 3261 manus
529 3204 625 3276 magis
646 3202 738 3259 videri
752 3212 850 3281 potest
863 3203 1042 3284 temporibus
1055 3224 1144 3285 quum

63 3288 137 3367 ipsis
156 3282 291 3363 defuisse.
335 3285 445 3343 Virium
474 3293 574 3340 tamen
602 3280 686 3343 Attio
709 3282 776 3360 plus
797 3284 952 3343 tribuitur:
980 3284 1145 3345 Pacuuium

64 3367 160 3425 uideri
179 3366 356 3437 doctiorem,
383 3366 514 3448 quiesse
535 3360 790 3440 doctiasfectant,
821 3367 926 3425 uolunt.
968 3364 1034 3427 Cic·
1060 3368 1144 3428 Orat.

67 3451 117 3522 11,
139 3453 188 3506 36.
232 3445 309 3507 Gell.
331 3447 373 3505 Ν.·
388 3448 424 3504 A.
447 3449 511 3520 Vll,
535 3446 582 3504 14.
604 3447 681 3519 Vlll,
701 3450 730 3503 2.
781 3442 826 3504 Cf.
854 3448 890 3507 de
910 3458 1040 3527 utroque
1058 3460 1146 3530 poeta

66 3527 169 3611 Regel.
194 3527 283 3587 dere
309 3537 383 3608 trag.
404 3529 490 3587 Rom.
510 3546 539 3606 p.
562 3526 601 3583 46
624 3546 687 3604 sq.,
716 3524 766 3603 qui
795 3524 871 3587 bene
900 3526 1057 3603 observat,
1085 3549 1146 3588 non

64 3620 179 3670 tautum
198 3609 229 3667 in
251 3607 374 3690 singulis
396 3628 447 3668 cos
469 3603 567 3668 verbis
588 3616 638 3664 eut
656 3607 686 3666 in
702 3606 876 3688 effingendis
891 3609 1057 3691 tragoediae
1077 3630 1147 3690 per-

65 3711 206 3751 sonarum
227 3690 360 3748 moribus
389 3688 479 3748 multa
509 3705 654 3762 novasse,
683 3686 840 3748 sedetiam
862 3686 1148 3770 'totam'tragocdia-

64 3794 133 3832 rum
155 3771 355 3831 oeconomiam
377 3769 454 3829 haud
476 3787 544 3828 raro
564 3767 732 3828 immutasse
755 3779 785 3828 et
804 3771 929 3851 proprio
949 3772 1038 3829 modo
1062 3771 1147 3830 insti-

67 3854 179 3924 tuissc3
210 3852 240 3912 iu
270 3851 398 3912 Pacuvio
418 3851 580 3909 ubertatem
603 3871 635 3908 ac
664 3850 826 3910 doctrinam
855 3852 1024 3911 laudandam
1045 3851 1148 3928 luisse,

67 3955 143 4016 quae
164 3945 337 3994 cerneretur
356 3933 440 3992 etiam
463 3931 493 3991 in
517 3930 650 3990 versibus
678 3932 769 4012 magis
791 3933 901 3992 ornatis
923 3932 1148 4015 elaboratisquc,

66 4014 184 4077 Attium
221 4026 325 4075 contra
356 4014 470 4074 laudem
507 4011 669 4071 altitudinis
695 4023 725 4071 ct
750 4013 935 4073 sublimitatis
962 4016 1149 4096 potissimum

66 4107 261 4159 consecutum
287 4115 372 4170 esse,
402 4094 546 4154 minorem
568 4113 640 4152 sero
664 4093 841 4177 diligentiam
863 4107 893 4155 et
914 4098 944 4154 in
966 4097 1149 4158 elaborandis

68 4176 207 4240 versibus
225 4189 314 4258 atque
333 4175 365 4237 in
387 4176 533 4239 sermonis
553 4173 663 4237 duritie
681 4173 798 4255 vitanda
817 4177 984 4239 collocasse.
