2634 4656
113 240 157 297 to
450 229 608 317 Dialogus
629 229 669 293 de
689 230 875 294 Oratoribus

112 411 226 460 sumas
251 380 477 457 adversarium
502 382 720 483 superiorem.
744 380 878 469 „Nobis
905 379 988 453 satis
1012 379 1057 454 sit
1081 382 1190 481 priva·

111 500 164 559 tas
189 500 222 556 et
244 482 351 557 nosni
374 479 498 554 sarculi
523 484 765 556 controversias
789 480 896 569 tueri,
921 479 958 552 in
983 480 1111 583 quibus
1136 508 1191 555 ex·

111 583 239 685 pressis
262 580 447 681 siquando
471 607 609 653 neeesse
630 581 673 653 sit
688 609 751 682 pro
769 577 975 681 periclitante
999 580 1108 655 amieo
1129 606 1191 681 po-

110 681 289 756 tentiorum
305 707 403 754 aures
418 677 612 770 offendere,
637 696 670 757 et
691 677 902 785 probatasit
921 675 1007 753 fides
1033 694 1068 753 et
1090 678 1192 757 liber·

110 797 163 857 tas
187 794 350 863 excusata.
439 788 442 796 '
703 838 706 843 .
1066 816 1093 831 ·-

534 940 564 1001 0
582 959 609 1000 ι
626 959 666 1013 p·
698 942 756 1001 xl

221 1041 319 1138 Quae
345 1066 450 1140 quum
473 1038 612 1114 dixisset
633 1041 728 1139 Aper
758 1040 888 1128 acrius,
922 1038 1134 1131 assolebat,
1163 1058 1194 1117 et

110 1142 239 1219 intento
266 1166 344 1230 ore,
376 1138 537 1213 remissus
569 1156 601 1213 et
632 1138 822 1213 subridens
838 1140 1033 1237 Maternup,
1055 1140 1195 1219 'Paran-

111 1312 326 1373 auctoritorem
342 1317 376 1367 et
394 1310 516 1388 spiritus
539 1304 622 1370 Caes.
643 1308 679 1367 B.
704 1307 741 1371 G.
758 1309 796 1382 li,
807 1310 837 1369 4.
857 1311 979 1388 spiritus
998 1306 1064 1370 Lis.
1079 1309 1132 1383 Ν,
1146 1308 1194 1371 54.

111 1393 170 1454 sibi
192 1410 308 1453 sumere
336 1391 380 1448 oli
398 1388 449 1451 uid
477 1387 583 1464 Quint.
612 1389 676 1462 ΧΗ,
705 1395 735 1463 6,
764 1392 792 1450 5.
828 1388 897 1469 ibiq.
927 1388 1024 1469 Spaid.
1073 1390 1197 1451 Sumere

110 1474 169 1534 sibi
191 1473 312 1533 denotat
339 1412 483 1531 auiaoiam
504 1480 535 1528 et
555 1468 749 1552 arrogantiam
776 1469 860 1545 eius,
891 1470 970 1567 quod
984 1470 1198 1533 -advernrtun

111 1553 333 1641 potentiorem,
369 1551 388 1613 i.
418 1570 443 1610 o.
478 1549 657 1631 principem,
694 1551 871 1632 tragoediis,
899 1551 1043 1634 smpsimis
1071 1542 1197 1631 Catone,

111 1634 255 1699 acerrimo
278 1631 413 1713 antiquae
433 1630 575 1699 libertatis
596 1632 771 1706 defensore,
795 1632 947 1693 offendere
969 1653 1032 1692 non
1050 1633 1176 1697 dubitet.
1202 1696 1205 1701 ,

76 1785 78 1789 ,
192 1732 328 1811 privatos
348 1738 379 1787 et
397 1731 493 1787 nostri
504 1731 619 1791 soeculi
635 1708 849 1790 eoitroeersios
865 1727 959 1811 tueri]
983 1729 1128 1795 Privatus
1142 1728 1217 1807 sub,

112 1809 344 1892 Imperatoribus
374 1809 544 1884 dicebatur,
580 1810 649 1870 lieet
676 1811 877 1894 magistratum
901 1820 1045 1895 gereret,
1083 1811 1137 1891 qui
1163 1810 1199 1873 atl

111 1891 249 1957 familiam
271 1891 413 1993 principis
440 1911 501 1951 non
529 1892 699 1971 pertineret.
750 1890 838 1952 Solus
858 1892 995 1979 princeps
1016 1912 1080 1953 non
1099 1892 1199 1977 priva·

112 1984 162 2035 tna
184 1984 255 2032 erat.
281 1974 343 2037 sao.
365 1972 467 2055 Agris.
488 1977 537 2031 39.
565 1973 712 2033 Schwarz.
734 1973 768 2032 ad
786 1972 860 2035 Plin.
883 1974 990 2056 Paneg.
1013 1994 1058 2057 op.
1079 1978 1130 2033 ⁵5.
1150 1978 1198 2035 92.

73 2055 76 2059 ’
113 2053 271 2119 Privatum
300 2063 378 2126 erat,
407 2053 487 2131 quod
516 2072 578 2113 non
605 2053 640 2113 ab
661 2054 889 2135 imperatoribus
912 2054 960 2117 rel
987 2065 1067 2114 certe
1095 2074 1199 2119 eorum

115 2136 236 2200 nomine
256 2135 350 2195 fieret.
394 2133 445 2193 Sic
459 2134 541 2193 Suet.
561 2136 632 2193 Nor.
649 2140 697 2194 21.
716 2138 836 2215 prieoto
858 2137 1031 2221 speotoeuio
1051 2146 1124 2195 sunt
1138 2156 1200 2203 nou

114 2236 131 2279 a
151 2217 288 2289 Nerone,
311 2216 361 2275 sed
385 2236 401 2274 a
421 2226 558 2295 praetore
579 2215 663 2279 edita.
691 2215 747 2275 Vd.
769 2217 867 2276 Brem.
891 2214 930 2276 ad'
946 2217 974 2275 h.
994 2216 1015 2277 1.
1055 2216 1201 2281 Peraeae

114 2306 145 2362 et
168 2298 254 2359 iterius
273 2297 388 2357 soeculi
410 2300 626 2355 controuersiae
646 2309 840 2378 opponuntur
854 2297 981 2358 Materni
1000 2308 1106 2379 poetae
1127 2319 1202 2361 oon.

113 2377 297 2442 tentionibus
320 2377 355 2436 de
376 2376 491 2459 publiea
511 2376 645 2457 libertate
665 2378 819 2455 exstincta,
840 2399 914 2459 quae
929 2378 987 2445 hoc
1002 2378 1122 2465 quidem
1136 2400 1202 2445 sae-

115 2457 184 2525 ouio
205 2459 391 2543 importunae
411 2470 498 2545 atque
518 2458 739 2540 intempestivae
760 2470 852 2525 erant.
912 2506 914 2511 ·

197 2559 227 2616 in
249 2556 351 2645 quibus
372 2553 535 2639 expressis]
564 2556 661 2627 Locus
683 2556 793 2617 frustra
813 2566 937 2616 vexatus
957 2566 1003 2617 est
1021 2556 1202 2623 coniecturis

116 2647 149 2699 et
167 2636 248 2700 falsie
269 2634 587 2716 interpretationibus
610 2638 774 2697 Heumann.
791 2649 821 2697 et
836 2636 952 2698 Schola.
973 2642 1122 2720 expressis
1141 2640 1203 2703 aie·

116 2729 240 2793 cerunt,
272 2717 408 2795 Ritterps
441 2718 526 2777 noeis
556 2717 682 2799 saepsit,
725 2717 818 2782 Orell.
848 2716 974 2783 coniecit
1002 2724 1136 2801 expertis
1162 2744 1203 2787 m.

117 2799 215 2869 nobis3
244 2796 324 2881 Lips.
347 2797 500 2885 inquibus
526 2801 672 2879 expressis
700 2799 863 2887 siquando
883 2803 1052 2882 necessitas.
1090 2802 1205 2867 Locum

118 2879 193 2937 dnoe
213 2876 342 2937 Drueck.
364 2876 403 2942 kl·
425 2876 560 2941 Schn‘2.
582 2878 636 2939 Bd.
656 2900 685 2963 p.
705 2883 720 2939 1
737 2900 792 2961 sq,
819 2880 866 2944 eui
886 2879 1082 2961 astipulantur
1101 2884 1205 2947 Peerl-

116 2959 211 3038 kamp.
232 2950 308 3022 Bihl.
337 2978 377 3017 cr.
403 2956 470 3017 Vol.
490 2959 526 3023 V.
546 2959 580 3025 P.
602 2960 623 3024 1.
644 2980 673 3039 p.
696 2962 754 3020 124
776 2972 806 3028 et
825 2960 987 3038 Ecknetn,
1007 2975 1088 3027 recte
1110 2966 1204 3053 expli.-

88 3052 91 3059 '
118 3038 265 3135 nubimus,
279 3039 382 3139 'modo‘
396 3048 566 3136 teneamus,
588 3058 742 3125 expressos
764 3040 940 3139 (smnobis)
961 3063 1061 3105 causae
1081 3050 1206 3131 sumptis

119 3118 581 3284 tttttt·.‚¹⁰..t¹tt.‘.tttt
603 3142 767 3268 iiiiii
781 3143 838 3267 'tt
855 3122 1206 3275 ttittttttmttz.

120 3294 180 3348 ctas
210 3281 401 3367 suscepimus.
436 3283 514 3347 Ano.
535 3284 635 3357 1,·19.
664 3287 838 3349 necessitate
865 3304 1024 3366 expresso,
1051 3310 1130 3379 quoe
1150 3310 1206 3381 per

100 3363 297 3431 'modestiora
315 3383 374 3422 non
396 3361 593 3427 obtinuissent.
616 3366 639 3439 l,
655 3370 704 3424 39.
721 3384 778 3446 per
796 3365 969 3426 seditionem
988 3380 1207 3450 expresserunt,

52 3480 58 3491 ·
119 3443 184 3507 Lis.
207 3442 296 3518 XLtt,
319 3444 367 3507 te.
399 3444 502 3527 quitus
519 3464 690 3534 expressum
709 3448 806 3513 inritis
817 3447 1004 3535 putabatur,
1032 3459 1066 3516 ut
1084 3486 1125 3515 η
1143 3454 1207 3523 tto·

121 3527 218 3595 enanis
238 3524 476 3599 adiungerentur.
672 3554 678 3564 =

111 3618 114 3623 “
209 3621 237 3673 et
255 3611 385 3693 prototo
407 3616 447 3675 sit
457 3608 540 3693 fides
561 3622 590 3673 et
610 3613 731 3678 libertos
750 3612 924 3759 excusata&
935 3612 1012 3677 Cum
1030 3615 1061 3679 h.
1082 3616 1103 3685 1.
1124 3638 1208 3681 nom

123 3693 267 3781 parandus
298 3705 344 3753 est
370 3692 470 3777 Agris.
492 3700 520 3757 3.
569 3692 630 3755 Hie
657 3698 774 3761 interim
802 3696 877 3757 liber
925 3700 1010 3764 oneri
1033 3696 1208 3777 Agricolae,

17 3784 21 3789 .
123 3780 221 3915 ,ueteri
246 3777 323 3914 rnei2
356 3774 520 3843 destinatus
545 3772 727 3864 professione
753 3778 878 3866 pietatis
902 3787 956 3845 oue
983 3779 1127 3849 laudatus
1152 3786 1210 3871 et't'i

125 3875 165 3921 aii
199 3876 310 3921 WWSU
325 3877 368 3923 lli·

188 3948 258 4032 Cap.
280 3952 330 4014 xl.
372 3954 482 4015 intento
504 3960 561 4010 ore'
609 3922 962 4041 Metaphora.desumpta
987 3967 1034 4017 est
1060 3956 1099 4021 ah
1127 3978 1211 4037 areu,

127 4030 179 4115 qui
198 4030 288 4095 modo
308 4030 489 4105 intenditur,
509 3948 598 4093 meio
619 4031 789 4097 remittitur.
809 4035 893 4118 Virg.
916 4037 991 4101 Aen.
1013 4040 1050 4113 ΙΙ,
1071 4045 1100 4099 2.
1130 4040 1210 4101 Con.

128 4116 240 4181 tenere
261 4132 360 4178 omnes
380 4116 537 4203 intentique
558 4132 616 4191 oro
633 4114 779 4183 teretem.
807 4112 869 4183 Cic·
891 4138 937 4206 pr·
956 4118 1051 4187 rnre.
1073 4123 1121 4189 11.
1154 4122 1211 4188 tos
