2634 4656
508 281 576 364 Cap
610 283 705 345 XVI.
1102 292 1144 354 97

67 429 253 529 spiratione
279 430 441 528 damnari,
467 434 528 507 sed
553 435 615 509 hoc
640 436 786 535 primum
801 434 1035 535 interrogabo,
1057 467 1145 555 quos

66 529 193 601 vocetis
221 530 395 628 antiquos4
426 561 526 632 quani
546 551 714 607 oratorum
741 551 879 608 aetatem
905 537 1147 634 significatione

66 626 131 698 ista
171 627 406 709 determinetis.
466 633 541 724 Ego
578 633 665 705 enini
700 661 803 733 quum
839 634 941 707 audio
977 640 1144 738 antiquos,

68 725 236 822 quosdam
268 744 392 800 veteres
419 745 450 800 ct
471 729 549 803 oliui
573 731 868 829 natos'intelligo;
903 761 942 806 ac
967 734 1050 807 mihi
1073 764 1148 808 ver-

68 841 188 895 samur
213 842 288 898 ante
310 827 424 900 oeulos
442 828 555 903 Ulixes
578 845 608 902 et
634 831 764 920 Nestor,
789 858 932 930 quorum
952 851 1040 906 actas
1058 834 1149 909 mille

67 921 200 1021 ferret
225 927 380 998 trecentis
396 928 492 1000 annis
518 927 685 1001 saeculum
711 948 861 1002 nostrum
885 932 1063 1006 antecedit:
1089 960 1148 1007 vos

68 1037 180 1094 autem
196 1022 452 1097 Demosthenem
479 1043 509 1098 et
534 1027 740 1128 Hyperidem
763 1030 939 1128 profertis,
964 1059 1049 1129 quos
1067 1033 1149 1105 satis

69 1136 202 1192 constat
224 1121 372 1222 Philippi
403 1141 434 1196 et
459 1125 640 1198 Alexandri
667 1126 873 1225 temporibus
899 1127 1072 1219 lloruisse,
1102 1131 1150 1204 ita

69 1235 201 1308 tamen,
234 1236 272 1292 nt
296 1223 429 1322 utrique
456 1226 651 1324 superstites
678 1242 797 1299 essent.
841 1227 892 1299 Ex
915 1255 983 1327 quo
1012 1244 1150 1330 apparet

68 1389 235 1449 inauditum
256 1400 284 1449 ct
307 1388 484 1469 indefensum
508 1426 546 1438 -
569 1415 691 1475 rupere‚·
717 1391 794 1452 Hist.
816 1395 837 1464 l,
859 1399 886 1452 6.
914 1396 1043 1455 inauditi
1062 1406 1149 1479 atquo

68 1469 228 1548 indefensi3
257 1475 364 1543 11,·1o.
391 1471 569 1550 indefensum
597 1487 626 1535 et
645 1475 819 1533 inauditnm.
869 1477 974 1535 Aetate
995 1474 1149 1538 Ciceronis

69 1550 224 1612 dicebatur
243 1553 355 1611 i'iiili'cta
376 1553 437 1613 sive
458 1558 605 1630 incognita
627 1577 720 1615 causo
740 1556 862 1635 aliquem
884 1557 1036 1631 damnare,
1070 1559 1151 1637 quod
1168 1586 1172 1596 ¹

68 1633 186 1715 legibus
206 1634 330 1693 vetitum
350 1633 441 1694 luisse
462 1650 584 1696 constat.
604 1638 650 1696 vil.
666 1641 743 1717 Rup.
758 1637 792 1695 ad
811 1637 887 1695 llist.
908 1639 932 1711 Ι,
953 1645 979 1697 6.
1023 1637 1073 1699 Sic
1088 1637 1150 1700 Cic.

67 1715 137 1775 Nat.
158 1716 195 1775 D.
217 1717 253 1788 lt,
274 1721 323 1775 29.
368 1717 471 1775 Vestro
492 1722 568 1776 enini
586 1722 679 1777 solnm
701 1721 813 1792 legitis,
837 1730 934 1777 oestro
954 1724 1082 1785 amatis:
1103 1741 1150 1780 ce-

69 1807 153 1856 teros
174 1817 267 1855 causa
293 1800 442 1870 incognita
463 1799 620 1859 dninnati's.
644 1834 683 1844 -
726 1800 911 1876 conspiratio
935 1811 981 1858 est
1000 1821 1064 1860 voc.
1087 1822 1150 1861 mc-

69 1878 172 1951 dinm,
200 1899 259 1957 quo
283 1877 318 1937 de
338 1877 481 1938 industria
509 1904 580 1940 usus
611 1892 656 1940 est
677 1879 765 1961 Aper.
788 1879 949 1940 vd.1teiii.
971 1881 1007 1940 de
1033 1870 1156 1964 Ambig.

68 1983 101 2042 p.
124 1959 191 2020 119'.
212 1958 330 2019 Ruhuk.
351 1959 449 2019 Sehol.
470 1961 504 2019 ad
526 1964 607 2022 Suet.
629 1960 712 2021 Caes.
736 1968 782 2021 15.

155 2069 226 2132 quos
246 2052 353 2107 vocetis
373 2048 524 2130 antiquos]
553 2049 742 2131 »Ambiguam
770 2047 981 2108 vocabulorum
1003 2053 1149 2130 antiquus,

70 2141 164 2203 octus,
187 2130 491 2203 commeationem,
514 2130 564 2189 ubi
586 2132 621 2191 dc
642 2129 836 2211 scriptoribus
856 2141 1054 2210 usurpantur,
1081 2130 1149 2190 illu-

70 2223 206 2274 strarunt
222 2210 340 2269 Ernesti
353 2212 394 2270 'ad
415 2212 606 2272 SuetTibcr.
628 2234 651 2273 c.
675 2219 722 2270 70.
743 2224 773 2275 et
792 2213 824 2270 F.
846 2213 882 2269 A.
904 2210 1001 2269 Wolf.
1023 2211 1053 2269 iii
1075 2212 1150 2271 Pro-

69 2294 150 2377 legg.
177 2292 212 2351 ad
240 2266 450 2351 Pseudo-Cic.
472 2314 515 2352 or.
543 2316 585 2373 pi.
606 2292 733 2352 Marcell.
756 2316 784 2372 p.
804 2293 896 2350 xxti.
917 2293 953 2351 N.
977 2291 1012 2353 el.
1036 2293 1155 2375 Gicrig.

71 2377 110 2442 ad
120 2374 197 2435 Pliu.
209 2373 347 2432 Libetx.
364 2394 408 2453 ep.
422 2381 471 2432 22.
501 2375 563 2434 llac
578 2375 613 2433 de
629 2396 662 2433 re
679 2374 785 2454 dignus
805 2385 850 2431 est
869 2372 919 2450 qui
935 2372 1048 2455 legatur
1063 2373 1150 2433 Auct.

70 2456 149 2519 Dial.
171 2456 207 2515 ile
232 2455 327 2515 Oratt.
348 2477 373 2515 c.
397 2460 432 2514 16
455 2466 485 2514 et
508 2459 554 2514 17.
581 2455 632 2514 ubi
653 2459 735 2533 Aper
763 2452 954 2526 Ciceronem,
986 2452 1156 2537 Caesaremq

71 2536 224 2610 Caelium,
244 2534 384 2610 Calvum,
406 2537 533 2594 Brutum
556 2547 610 2594 etc.
631 2536 699 2615 quia
718 2545 784 2593 ante
808 2533 1000 2612 principatum
1021 2534 1151 2615 Augusti

70 2617 233 2680 floruerint
260 2629 347 2698 negat
373 2616 437 2676 iure
465 2616 612 2676 accenseri
639 2614 783 2693 antiquis,
816 2613 866 2672 sed
897 2626 1078 2695 repugnante
1104 2614 1150 2674 lo-

72 2700 183 2782 quendi
197 2721 254 2757 usu
273 2710 423 2779 nugatur«
458 2697 626 2758 Weichert.
642 2709 733 2777 poett.
750 2697 824 2754 Latt.
843 2693 924 2773 reliq.
939 2717 967 2774 p.
984 2700 1031 2753 98.
1050 2706 1152 2762 annot.
1174 2706 1178 2713 '

73 2789 123 2843 11.
164 2781 219 2838 Vd.
241 2780 276 2839 ad
296 2801 340 2859 cp.
365 2784 410 2838 19.
429 2784 514 2859 prior
530 2782 661 2860 populus.
703 2777 752 2837 Sic
781 2777 856 2855 apud
886 2776 1016 2835 Graecos
1039 2778 1154 2859 antiqui

70 2861 270 2934 vocabantur,
293 2860 343 2939 qui
363 2881 457 2939 usque
480 2861 515 2919 ad
526 2860 724 2920 Alexandrum
745 2857 892 2918 vixerunt.
934 2857 983 2916 ad
998 2879 1045 2918 vv.
1064 2865 1153 2941 quum

72 2944 165 3006 audio
183 2946 317 3026 antiquos
338 2942 433 3021 suppl.
457 2940 522 3001 diei.
589 3012 591 3016 ἱ

155 3053 193 3092 uc
219 3033 292 3090 milii
311 3040 464 3089 versantur
486 3039 555 3088 onte
576 3030 676 3087 oculos
704 3027 806 3085 Ulixes
825 3033 853 3081 ct
876 3017 1004 3101 Nestor]
1044 3023 1083 3081 Ul
1098 3042 1153 3080 xes

74 3111 150 3178 Cod.
171 3116 256 3174 Farn.
276 3111 350 3169 Edd.
366 3112 431 3170 Put.
448 3111 515 3169 Ber.
539 3111 654 3193 Ulysscs
667 3108 739 3166 Edd.
756 3105 819 3163 Alc.
836 3125 915 3182 seqq.
940 3103 1042 3160 Ulixei
1058 3043 1153 3162 Cyodd.

72 3200 146 3259 Par.
158 3194 246 3255 Vind.
267 3193 340 3251 Edd.
360 3192 437 3272 Spir.
453 3191 567 3250 Drouli.
586 3200 719 3260 recente,
741 3207 797 3264 qua
811 3184 955 3263 scriptura
970 3193 1044 3277 optt3
1059 3180 1153 3278 Coelil.

73 3279 246 3341 confirmata
265 3273 405 3333 Romanis
433 3284 604 3332 constanter
625 3268 672 3329 usi
693 3268 838 3326 videntur.
867 3263 916 3322 vd.
937 3262 1158 3334 Schneidewin.

73 3361 110 3421 ad
140 3332 373 3441 thycscarmm.
397 3353 493 3432 Reliq.
522 3375 550 3433 p.
575 3357 631 3410 139
654 3372 697 3428 sq.
723 3348 808 3406 lless.
838 3355 994 3404 comment.
1025 3346 1037 3402 l·
1058 3357 1088 3404 et
1105 3348 1159 3430 111.

73 3442 106 3502 in
126 3439 219 3503 Tacit.
239 3438 377 3495 German.
397 3456 441 3513 cp.
464 3439 491 3492 3.
520 3431 668 3492 Eckstein.
689 3426 826 3523 Prolqu.
847 3448 876 3504 p.
897 3430 945 3482 35.
998 3418 1099 3484 Ulixes
1125 3436 1155 3484 et

73 3522 186 3584 Nestoi·
209 3531 345 3595 tanquam
372 3513 565 3594 antiquissimi
594 3525 623 3573 et
651 3511 802 3571 clarissimi
824 3518 956 3564 oratores
977 3526 1161 3588 commemo-5

73 3614 188 3663 rantur.
230 3599 276 3658 De
301 3599 429 3656 Nestore
454 3596 499 3654 vd.
522 3596 608 3653 Hom.
632 3592 662 3651 ll.
688 3595 714 3666 l,
736 3593 805 3648 249.
826 3593 873 3647 τοῦ
893 3599 938 3645 καὶ
963 3589 1017 3645 ἀπὸ
1032 3590 1157 3661 γλώσσης

74 3691 179 3762 μέλιτος
196 3688 309 3756 γλυκίων
327 3685 384 3757 ῥέεν
402 3679 482 3749 αὐδή.
508 3674 569 3735 Cic.
591 3675 626 3733 de
647 3675 715 3733 Seu.
739 3676 787 3729 10.
809 3689 846 3726 ex
868 3671 930 3725 eius
951 3667 1052 3740 lingua
1071 3667 1157 3725 mello

75 3767 190 3826 dulcior
208 3760 328 3842 fluebat
351 3762 464 3830 orario,
494 3758 529 3816 ad
552 3777 637 3836 quem
658 3755 715 3813 loc.
736 3748 784 3811 vd.
805 3749 893 3807 Hess.
914 3745 945 3805 in
965 3747 1042 3828 Edit.
1063 3746 1155 3807 iuter-

74 3857 152 3930 pret.
174 3844 279 3904 Graec.
298 3840 354 3899 Th.
376 3842 478 3901 Gazae.

158 3955 283 4016 quorum
304 3940 389 4004 aetus
410 3929 488 3987 mille
499 3925 568 4006 sere
589 3937 617 3985 ct
638 3920 775 3983 trecentis
796 3911 899 4003 annis]
919 3915 945 3973 E
962 3910 1056 3974 Codd.
1071 3917 1157 3975 Facu.

74 4016 188 4076 Vaticc.
210 4012 276 4094 (ubi
292 4013 359 4069 mi'lc
377 4012 485 4088 dequo
502 4011 550 4068 vd.
568 4008 603 4065 ad
619 4028 662 4084 cp.
680 3999 722 4081 8.)
741 4002 823 4058 Brot.
844 3998 916 4055 Ein.
933 4016 1007 4092 rece.
1030 3997 1159 4091 ducentis

77 4095 173 4157 Codd.
188 4098 253 4156 Par.
268 4092 355 4160 Vind.
372 4103 439 4152 cett.
458 4089 530 4148 Edd.
547 4101 614 4148 aute
634 4088 730 4154 Brot.‚
753 4099 826 4158 quae
844 4088 1022 4158 computatio
1036 4098 1158 4170 propius·

76 4177 162 4242 abest
178 4176 218 4239 ab
238 4172 402 4237 rationibus
424 4171 586 4252 temporis,
609 4186 698 4248 quum
720 4162 799 4221 iuter
819 4158 916 4218 Ulixis
929 4170 969 4310 pt
989 4156 1159 4239 Vespasiani
1236 4153 1256 4202 s
