<?xml version="1.0" encoding="UTF-8"?>
<!DOCTYPE html PUBLIC "-//W3C//DTD XHTML 1.0 Transitional//EN"
    "http://www.w3.org/TR/xhtml1/DTD/xhtml1-transitional.dtd">
<html xmlns="http://www.w3.org/1999/xhtml" xml:lang="en" lang="en">
 <head>
  <title>
</title>
<meta http-equiv="Content-Type" content="text/html;charset=utf-8" />
  <meta name='ocr-system' content='tesseract 3.04.00' />
  <meta name='ocr-capabilities' content='ocr_page ocr_carea ocr_par ocr_line ocrx_word'/>
</head>
<body>
  <div class='ocr_page' id='page_1' title='image "./dialogusdeorato00tacigoog_0191.png"; bbox 0 0 2634 4656; ppageno 0'>
   <div class='ocr_carea' id='block_1_1' title="bbox 198 227 961 313">
    <p class='ocr_par' dir='ltr' id='par_1_1' title="bbox 198 227 961 313">
     <span class='ocr_line' id='line_1_1' title="bbox 198 227 961 313; baseline -0.003 -23"><span class='ocrx_word' id='word_1_1' title='bbox 198 232 261 294; x_wconf 80' lang='lat'>138</span> <span class='ocrx_word' id='word_1_2' title='bbox 534 227 692 313; x_wconf 77' lang='lat' dir='ltr'>Dialogus</span> <span class='ocrx_word' id='word_1_3' title='bbox 712 231 751 292; x_wconf 82' lang='lat' dir='ltr'>de</span> <span class='ocrx_word' id='word_1_4' title='bbox 776 228 961 291; x_wconf 74' lang='lat' dir='ltr'><em>Oratoribus</em></span> 
     </span>
    </p>
   </div>
   <div class='ocr_carea' id='block_1_2' title="bbox 193 372 1273 875">
    <p class='ocr_par' dir='ltr' id='par_1_2' title="bbox 193 372 1273 875">
     <span class='ocr_line' id='line_1_2' title="bbox 194 372 1273 482; baseline -0.004 -27"><span class='ocrx_word' id='word_1_5' title='bbox 194 372 266 478; x_wconf 77' lang='lat' dir='ltr'>gilii</span> <span class='ocrx_word' id='word_1_6' title='bbox 293 401 324 458; x_wconf 87' lang='lat' dir='ltr'>et</span> <span class='ocrx_word' id='word_1_7' title='bbox 346 383 473 457; x_wconf 78' lang='lat' dir='ltr'>ereaui</span> <span class='ocrx_word' id='word_1_8' title='bbox 500 381 645 455; x_wconf 84' lang='lat' dir='ltr'>sacrario</span> <span class='ocrx_word' id='word_1_9' title='bbox 672 379 832 482; x_wconf 85' lang='lat' dir='ltr'>prolatus.</span> <span class='ocrx_word' id='word_1_10' title='bbox 895 383 1022 454; x_wconf 88' lang='lat' dir='ltr'>Horum</span> <span class='ocrx_word' id='word_1_11' title='bbox 1054 380 1159 477; x_wconf 87' lang='lat' dir='ltr'>igitur</span> <span class='ocrx_word' id='word_1_12' title='bbox 1183 378 1273 453; x_wconf 87' lang='lat' dir='ltr'>auri·</span> 
     </span>
     <span class='ocr_line' id='line_1_3' title="bbox 195 481 1273 580; baseline -0.003 -26"><span class='ocrx_word' id='word_1_13' title='bbox 195 481 261 555; x_wconf 89' lang='lat' dir='ltr'>bus</span> <span class='ocrx_word' id='word_1_14' title='bbox 296 502 327 557; x_wconf 91' lang='lat' dir='ltr'>et</span> <span class='ocrx_word' id='word_1_15' title='bbox 351 483 486 555; x_wconf 86' lang='lat' dir='ltr'>iudiciis</span> <span class='ocrx_word' id='word_1_16' title='bbox 512 483 748 580; x_wconf 85' lang='lat' dir='ltr'>obtemperans</span> <span class='ocrx_word' id='word_1_17' title='bbox 772 497 964 555; x_wconf 83' lang='lat' dir='ltr'>nostrorum</span> <span class='ocrx_word' id='word_1_18' title='bbox 987 498 1157 554; x_wconf 87' lang='lat' dir='ltr'>oratorum</span> <span class='ocrx_word' id='word_1_19' title='bbox 1185 497 1273 553; x_wconf 81' lang='lat' dir='ltr'>aetas</span> 
     </span>
     <span class='ocr_line' id='line_1_4' title="bbox 193 577 1273 682; baseline -0.002 -29"><span class='ocrx_word' id='word_1_20' title='bbox 193 582 367 682; x_wconf 80' lang='lat' dir='ltr'>pulchrior</span> <span class='ocrx_word' id='word_1_21' title='bbox 387 600 419 654; x_wconf 87' lang='lat' dir='ltr'>et</span> <span class='ocrx_word' id='word_1_22' title='bbox 440 582 590 654; x_wconf 86' lang='lat' dir='ltr'>ornatior</span> <span class='ocrx_word' id='word_1_23' title='bbox 610 580 740 652; x_wconf 85' lang='lat' dir='ltr'>exstitit.</span> <span class='ocrx_word' id='word_1_24' title='bbox 790 582 908 681; x_wconf 83' lang='lat' dir='ltr'><strong>Neque</strong></span> <span class='ocrx_word' id='word_1_25' title='bbox 928 579 1005 653; x_wconf 83' lang='lat' dir='ltr'>ideo</span> <span class='ocrx_word' id='word_1_26' title='bbox 1026 580 1138 652; x_wconf 88' lang='lat' dir='ltr'>minus</span> <span class='ocrx_word' id='word_1_27' title='bbox 1161 577 1273 651; x_wconf 84' lang='lat' dir='ltr'>effica-</span> 
     </span>
     <span class='ocr_line' id='line_1_5' title="bbox 195 678 1271 875; baseline -0.005 -120"><span class='ocrx_word' id='word_1_28' title='bbox 195 709 249 754; x_wconf 87' lang='lat' dir='ltr'>ees</span> <span class='ocrx_word' id='word_1_29' title='bbox 275 700 353 755; x_wconf 91' lang='lat' dir='ltr'>sunt</span> <span class='ocrx_word' id='word_1_30' title='bbox 378 680 546 753; x_wconf 87' lang='lat' dir='ltr'>orationes</span> <span class='ocrx_word' id='word_1_31' title='bbox 571 696 722 769; x_wconf 86' lang='lat' dir='ltr'>nostrae,</span> <span class='ocrx_word' id='word_1_32' title='bbox 754 680 835 875; x_wconf 56' lang='lat' dir='ltr'>quia</span> <span class='ocrx_word' id='word_1_33' title='bbox 865 679 908 752; x_wconf 73' lang='lat' dir='ltr'>ael</span> <span class='ocrx_word' id='word_1_34' title='bbox 929 706 1025 752; x_wconf 88' lang='lat' dir='ltr'>aures</span> <span class='ocrx_word' id='word_1_35' title='bbox 1051 678 1271 751; x_wconf 84' lang='lat' dir='ltr'>iudicantium</span> 
     </span>
    </p>
   </div>
   <div class='ocr_carea' id='block_1_3' title="bbox 194 779 692 882">
    <p class='ocr_par' dir='ltr' id='par_1_3' title="bbox 194 779 692 882">
     <span class='ocr_line' id='line_1_6' title="bbox 194 779 692 882; baseline -0.01 -27"><span class='ocrx_word' id='word_1_36' title='bbox 194 808 269 857; x_wconf 87' lang='lat' dir='ltr'>cum</span> <span class='ocrx_word' id='word_1_37' title='bbox 294 780 462 882; x_wconf 81' lang='lat' dir='ltr'>voluptate</span> <span class='ocrx_word' id='word_1_38' title='bbox 486 779 692 881; x_wconf 82' lang='lat' dir='ltr'>perveniunt.</span> 
     </span>
    </p>
   </div>
   <div class='ocr_carea' id='block_1_4' title="bbox 789 776 1272 869">
    <p class='ocr_par' dir='ltr' id='par_1_4' title="bbox 789 776 1272 869">
     <span class='ocr_line' id='line_1_7' title="bbox 789 776 1272 869; baseline 0 -18"><span class='ocrx_word' id='word_1_39' title='bbox 789 778 849 851; x_wconf 89' lang='lat' dir='ltr'>uid</span> <span class='ocrx_word' id='word_1_40' title='bbox 879 780 987 868; x_wconf 88' lang='lat' dir='ltr'>enim,</span> <span class='ocrx_word' id='word_1_41' title='bbox 1024 779 1053 852; x_wconf 89' lang='lat' dir='ltr'>si</span> <span class='ocrx_word' id='word_1_42' title='bbox 1086 776 1272 869; x_wconf 85' lang='lat' dir='ltr'>infirmiora</span> 
     </span>
    </p>
   </div>
   <div class='ocr_carea' id='block_1_5' title="bbox 67 946 1271 1031">
    <p class='ocr_par' dir='ltr' id='par_1_5' title="bbox 67 946 1271 1031">
     <span class='ocr_line' id='line_1_8' title="bbox 67 946 1271 1031; baseline -0.004 -21"><span class='ocrx_word' id='word_1_43' title='bbox 67 969 73 978; x_wconf 65' lang='lat'><em>¹</em></span> <span class='ocrx_word' id='word_1_44' title='bbox 174 996 180 1009; x_wconf 89' lang='lat'><strong>.</strong></span> <span class='ocrx_word' id='word_1_45' title='bbox 276 947 408 1031; x_wconf 73' lang='lat' dir='ltr'>veterno]</span> <span class='ocrx_word' id='word_1_46' title='bbox 432 953 570 1009; x_wconf 84' lang='lat' dir='ltr'>Veternus</span> <span class='ocrx_word' id='word_1_47' title='bbox 588 971 611 1008; x_wconf 96' lang='lat' dir='ltr'>s.</span> <span class='ocrx_word' id='word_1_48' title='bbox 632 953 845 1009; x_wconf 72' lang='lat' dir='ltr'>votor-num‘est</span> <span class='ocrx_word' id='word_1_49' title='bbox 858 946 980 1007; x_wconf 88' lang='lat' dir='ltr'>morbus</span> <span class='ocrx_word' id='word_1_50' title='bbox 996 946 1134 1006; x_wconf 87' lang='lat' dir='ltr'>naturalis</span> <span class='ocrx_word' id='word_1_51' title='bbox 1157 966 1271 1022; x_wconf 81' lang='lat' dir='ltr'>senum,</span> 
     </span>
    </p>
   </div>
   <div class='ocr_carea' id='block_1_6' title="bbox 129 1025 1311 4082">
    <p class='ocr_par' dir='ltr' id='par_1_6' title="bbox 129 1025 1311 3150">
     <span class='ocr_line' id='line_1_9' title="bbox 193 1025 1271 1114; baseline -0.004 -24"><span class='ocrx_word' id='word_1_52' title='bbox 193 1030 244 1111; x_wconf 87' lang='lat' dir='ltr'>qui</span> <span class='ocrx_word' id='word_1_53' title='bbox 272 1031 444 1114; x_wconf 77' lang='lat' dir='ltr'><strong>languorem</strong></span> <span class='ocrx_word' id='word_1_54' title='bbox 474 1042 504 1090; x_wconf 85' lang='lat' dir='ltr'>et</span> <span class='ocrx_word' id='word_1_55' title='bbox 530 1044 681 1110; x_wconf 88' lang='lat' dir='ltr'>torporem</span> <span class='ocrx_word' id='word_1_56' title='bbox 709 1030 823 1090; x_wconf 80' lang='lat' dir='ltr'><strong>inducit</strong></span> <span class='ocrx_word' id='word_1_57' title='bbox 855 1027 1079 1111; x_wconf 78' lang='lat' dir='ltr'>(Schlassucht).</span> <span class='ocrx_word' id='word_1_58' title='bbox 1111 1025 1209 1101; x_wconf 65' lang='lat' dir='ltr'>Cels.</span> <span class='ocrx_word' id='word_1_59' title='bbox 1236 1026 1271 1087; x_wconf 85' lang='lat' dir='ltr'>de</span> 
     </span>
     <span class='ocr_line' id='line_1_10' title="bbox 193 1110 1269 1194; baseline -0.005 -23"><span class='ocrx_word' id='word_1_60' title='bbox 193 1110 296 1172; x_wconf 79' lang='lat' dir='ltr'>medic.</span> <span class='ocrx_word' id='word_1_61' title='bbox 323 1117 372 1187; x_wconf 96' lang='grc' dir='ltr'>ΙΙΙ,</span> <span class='ocrx_word' id='word_1_62' title='bbox 394 1121 442 1173; x_wconf 99' lang='grc'><strong>20.</strong></span> <span class='ocrx_word' id='word_1_63' title='bbox 471 1116 501 1171; x_wconf 86' lang='lat' dir='ltr'>iu</span> <span class='ocrx_word' id='word_1_64' title='bbox 530 1114 585 1171; x_wconf 85' lang='lat' dir='ltr'>boo</span> <span class='ocrx_word' id='word_1_65' title='bbox 614 1110 856 1194; x_wconf 84' lang='lat' dir='ltr'>(letbargieorum</span> <span class='ocrx_word' id='word_1_66' title='bbox 879 1110 999 1190; x_wconf 87' lang='lat' dir='ltr'>morbo)</span> <span class='ocrx_word' id='word_1_67' title='bbox 1031 1131 1148 1170; x_wconf 83' lang='lat' dir='ltr'>marcor</span> <span class='ocrx_word' id='word_1_68' title='bbox 1177 1119 1206 1168; x_wconf 83' lang='lat' dir='ltr'>ot</span> <span class='ocrx_word' id='word_1_69' title='bbox 1226 1112 1269 1166; x_wconf 84' lang='lat' dir='ltr'>iu-</span> 
     </span>
     <span class='ocr_line' id='line_1_11' title="bbox 194 1192 1270 1276; baseline -0.003 -23"><span class='ocrx_word' id='word_1_70' title='bbox 194 1196 399 1274; x_wconf 77' lang='lat' dir='ltr'>onpugnobilis</span> <span class='ocrx_word' id='word_1_71' title='bbox 417 1215 513 1276; x_wconf 71' lang='lat' dir='ltr'>poetro</span> <span class='ocrx_word' id='word_1_72' title='bbox 540 1193 705 1252; x_wconf 80' lang='lat' dir='ltr'>dormiendi</span> <span class='ocrx_word' id='word_1_73' title='bbox 724 1197 899 1252; x_wconf 78' lang='lat' dir='ltr'>necessitas-r</span> <span class='ocrx_word' id='word_1_74' title='bbox 925 1196 1065 1270; x_wconf 70' lang='grc' dir='ltr'>λήθαργον</span> <span class='ocrx_word' id='word_1_75' title='bbox 1085 1192 1200 1253; x_wconf 79' lang='lat' dir='ltr'>Graeci</span> <span class='ocrx_word' id='word_1_76' title='bbox 1219 1212 1270 1250; x_wconf 87' lang='lat' dir='ltr'>uo-</span> 
     </span>
     <span class='ocr_line' id='line_1_12' title="bbox 194 1273 1269 1356; baseline -0.004 -20"><span class='ocrx_word' id='word_1_77' title='bbox 194 1279 353 1336; x_wconf 84' lang='lat' dir='ltr'>miuuruut.</span> <span class='ocrx_word' id='word_1_78' title='bbox 389 1274 589 1356; x_wconf 83' lang='lat' dir='ltr'>Metapborice</span> <span class='ocrx_word' id='word_1_79' title='bbox 609 1275 645 1335; x_wconf 88' lang='lat' dir='ltr'>de</span> <span class='ocrx_word' id='word_1_80' title='bbox 665 1275 800 1335; x_wconf 87' lang='lat' dir='ltr'>socordia</span> <span class='ocrx_word' id='word_1_81' title='bbox 821 1273 897 1336; x_wconf 89' lang='lat' dir='ltr'>Cael.</span> <span class='ocrx_word' id='word_1_82' title='bbox 919 1274 948 1333; x_wconf 94' lang='lat' dir='ltr'>in</span> <span class='ocrx_word' id='word_1_83' title='bbox 965 1273 1025 1335; x_wconf 88' lang='lat' dir='ltr'>Cic.</span> <span class='ocrx_word' id='word_1_84' title='bbox 1046 1275 1120 1354; x_wconf 85' lang='lat' dir='ltr'><strong>Epp.</strong></span> <span class='ocrx_word' id='word_1_85' title='bbox 1141 1273 1178 1334; x_wconf 88' lang='lat' dir='ltr'>ad</span> <span class='ocrx_word' id='word_1_86' title='bbox 1193 1274 1269 1332; x_wconf 85' lang='lat' dir='ltr'>Fam.</span> 
     </span>
     <span class='ocr_line' id='line_1_13' title="bbox 193 1354 1269 1435; baseline -0.004 -20"><span class='ocrx_word' id='word_1_87' title='bbox 193 1361 271 1432; x_wconf 83' lang='lat' dir='ltr'>vm,</span> <span class='ocrx_word' id='word_1_88' title='bbox 292 1365 320 1417; x_wconf 88' lang='lat'>8.</span> <span class='ocrx_word' id='word_1_89' title='bbox 359 1358 474 1435; x_wconf 83' lang='lat' dir='ltr'>Deinde</span> <span class='ocrx_word' id='word_1_90' title='bbox 495 1356 602 1416; x_wconf 89' lang='lat' dir='ltr'>dicitur</span> <span class='ocrx_word' id='word_1_91' title='bbox 622 1357 658 1417; x_wconf 88' lang='lat' dir='ltr'>de</span> <span class='ocrx_word' id='word_1_92' title='bbox 679 1356 737 1416; x_wconf 90' lang='lat' dir='ltr'>situ</span> <span class='ocrx_word' id='word_1_93' title='bbox 767 1356 936 1416; x_wconf 79' lang='lat' dir='ltr'>vetustatis:</span> <span class='ocrx_word' id='word_1_94' title='bbox 961 1354 1076 1417; x_wconf 89' lang='lat' dir='ltr'>Colum.</span> <span class='ocrx_word' id='word_1_95' title='bbox 1099 1358 1134 1414; x_wconf 79' lang='lat' dir='ltr'>R.</span> <span class='ocrx_word' id='word_1_96' title='bbox 1158 1356 1195 1417; x_wconf 80' lang='lat' dir='ltr'>R·</span> <span class='ocrx_word' id='word_1_97' title='bbox 1218 1356 1269 1431; x_wconf 77' lang='grc' dir='ltr'>Ν,</span> 
     </span>
     <span class='ocr_line' id='line_1_14' title="bbox 192 1434 1269 1520; baseline -0.002 -21"><span class='ocrx_word' id='word_1_98' title='bbox 192 1442 241 1499; x_wconf 77' lang='lat'>24.</span> <span class='ocrx_word' id='word_1_99' title='bbox 260 1462 374 1499; x_wconf 83' lang='lat' dir='ltr'>museus</span> <span class='ocrx_word' id='word_1_100' title='bbox 393 1473 433 1485; x_wconf 91' lang='lat'>·-</span> <span class='ocrx_word' id='word_1_101' title='bbox 453 1443 568 1518; x_wconf 79' lang='lat' dir='ltr'>situque</span> <span class='ocrx_word' id='word_1_102' title='bbox 588 1448 616 1497; x_wconf 84' lang='lat' dir='ltr'>ot</span> <span class='ocrx_word' id='word_1_103' title='bbox 641 1449 756 1498; x_wconf 72' lang='lat' dir='ltr'>aeterno</span> <span class='ocrx_word' id='word_1_104' title='bbox 785 1448 919 1498; x_wconf 78' lang='lat' dir='ltr'>macerat</span> <span class='ocrx_word' id='word_1_105' title='bbox 940 1435 1072 1520; x_wconf 80' lang='lat' dir='ltr'>(vites).·</span> <span class='ocrx_word' id='word_1_106' title='bbox 1094 1434 1185 1517; x_wconf 84' lang='lat' dir='ltr'>Apul.</span> <span class='ocrx_word' id='word_1_107' title='bbox 1205 1434 1269 1497; x_wconf 83' lang='lat' dir='ltr'>Me-</span> 
     </span>
     <span class='ocr_line' id='line_1_15' title="bbox 191 1520 1269 1602; baseline -0.003 -23"><span class='ocrx_word' id='word_1_108' title='bbox 191 1531 259 1579; x_wconf 87' lang='lat' dir='ltr'>tam.</span> <span class='ocrx_word' id='word_1_109' title='bbox 281 1526 328 1578; x_wconf 89' lang='grc' dir='ltr'>ΙΧ.</span> <span class='ocrx_word' id='word_1_110' title='bbox 349 1543 378 1602; x_wconf 90' lang='lat' dir='ltr'>p.</span> <span class='ocrx_word' id='word_1_111' title='bbox 396 1527 464 1580; x_wconf 80' lang='grc'><strong>223.</strong></span> <span class='ocrx_word' id='word_1_112' title='bbox 486 1520 636 1580; x_wconf 87' lang='lat' dir='ltr'>Elemenh.</span> <span class='ocrx_word' id='word_1_113' title='bbox 660 1530 808 1602; x_wconf 84' lang='lat' dir='ltr'>totumquo</span> <span class='ocrx_word' id='word_1_114' title='bbox 824 1524 935 1579; x_wconf 85' lang='lat' dir='ltr'>corium</span> <span class='ocrx_word' id='word_1_115' title='bbox 954 1530 1069 1578; x_wconf 80' lang='lat' dir='ltr'>veterno</span> <span class='ocrx_word' id='word_1_116' title='bbox 1090 1529 1182 1599; x_wconf 81' lang='lat' dir='ltr'>atquo</span> <span class='ocrx_word' id='word_1_117' title='bbox 1200 1538 1269 1577; x_wconf 84' lang='lat' dir='ltr'>sco·</span> 
     </span>
     <span class='ocr_line' id='line_1_16' title="bbox 192 1600 1268 1739; baseline -0.002 -79"><span class='ocrx_word' id='word_1_118' title='bbox 192 1600 276 1661; x_wconf 86' lang='lat' dir='ltr'>bioso</span> <span class='ocrx_word' id='word_1_119' title='bbox 297 1607 393 1661; x_wconf 73' lang='lat' dir='ltr'>utorio</span> <span class='ocrx_word' id='word_1_120' title='bbox 421 1605 600 1684; x_wconf 75' lang='lat' dir='ltr'>exasperati.</span> <span class='ocrx_word' id='word_1_121' title='bbox 646 1603 733 1660; x_wconf 87' lang='lat' dir='ltr'>Unde</span> <span class='ocrx_word' id='word_1_122' title='bbox 753 1602 931 1661; x_wconf 75' lang='lat' dir='ltr'>transfertur</span> <span class='ocrx_word' id='word_1_123' title='bbox 956 1600 991 1660; x_wconf 91' lang='lat' dir='ltr'>ad</span> <span class='ocrx_word' id='word_1_124' title='bbox 1011 1601 1100 1661; x_wconf 88' lang='lat' dir='ltr'>situm</span> <span class='ocrx_word' id='word_1_125' title='bbox 1125 1621 1158 1660; x_wconf 88' lang='lat' dir='ltr'>ac</span> <span class='ocrx_word' id='word_1_126' title='bbox 1182 1620 1268 1739; x_wconf 88' lang='lat' dir='ltr'>squa-</span> 
     </span>
     <span class='ocr_line' id='line_1_17' title="bbox 185 1680 1311 1764; baseline 0 -21"><span class='ocrx_word' id='word_1_127' title='bbox 185 1682 286 1756; x_wconf 80' lang='lat' dir='ltr'>,lorem</span> <span class='ocrx_word' id='word_1_128' title='bbox 306 1683 447 1743; x_wconf 88' lang='lat' dir='ltr'>orationis</span> <span class='ocrx_word' id='word_1_129' title='bbox 469 1694 613 1743; x_wconf 89' lang='lat' dir='ltr'>vetustate</span> <span class='ocrx_word' id='word_1_130' title='bbox 634 1693 824 1744; x_wconf 81' lang='lat' dir='ltr'>contractum.</span> <span class='ocrx_word' id='word_1_131' title='bbox 858 1682 907 1743; x_wconf 88' lang='lat' dir='ltr'>Sic</span> <span class='ocrx_word' id='word_1_132' title='bbox 927 1683 1003 1764; x_wconf 87' lang='lat' dir='ltr'>apud</span> <span class='ocrx_word' id='word_1_133' title='bbox 1019 1682 1123 1742; x_wconf 89' lang='lat' dir='ltr'>Sidon.</span> <span class='ocrx_word' id='word_1_134' title='bbox 1138 1680 1207 1763; x_wconf 83' lang='lat' dir='ltr'>Apo</span> <span class='ocrx_word' id='word_1_135' title='bbox 1220 1680 1269 1740; x_wconf 83' lang='lat' dir='ltr'>liu·</span> <span class='ocrx_word' id='word_1_136' title='bbox 1302 1731 1311 1743; x_wconf 84' lang='lat'><strong>.</strong></span> 
     </span>
     <span class='ocr_line' id='line_1_18' title="bbox 192 1762 1268 1846; baseline -0.003 -22"><span class='ocrx_word' id='word_1_137' title='bbox 192 1765 266 1846; x_wconf 84' lang='lat' dir='ltr'><strong>Epp.</strong></span> <span class='ocrx_word' id='word_1_138' title='bbox 281 1769 304 1840; x_wconf 83' lang='lat'>1,</span> <span class='ocrx_word' id='word_1_139' title='bbox 328 1770 354 1824; x_wconf 91' lang='lat'>1.</span> <span class='ocrx_word' id='word_1_140' title='bbox 377 1776 556 1824; x_wconf 81' lang='lat' dir='ltr'>veternosum</span> <span class='ocrx_word' id='word_1_141' title='bbox 576 1765 695 1824; x_wconf 80' lang='lat' dir='ltr'>dicendi</span> <span class='ocrx_word' id='word_1_142' title='bbox 709 1786 801 1840; x_wconf 75' lang='lat' dir='ltr'>genus</span> <span class='ocrx_word' id='word_1_143' title='bbox 821 1768 942 1824; x_wconf 77' lang='lat' dir='ltr'>imitari.</span> <span class='ocrx_word' id='word_1_144' title='bbox 984 1765 1030 1824; x_wconf 89' lang='lat' dir='ltr'>De</span> <span class='ocrx_word' id='word_1_145' title='bbox 1051 1785 1084 1823; x_wconf 90' lang='lat' dir='ltr'>re</span> <span class='ocrx_word' id='word_1_146' title='bbox 1106 1762 1142 1822; x_wconf 87' lang='lat' dir='ltr'>cf.</span> <span class='ocrx_word' id='word_1_147' title='bbox 1166 1765 1268 1824; x_wconf 84' lang='lat' dir='ltr'>Seuer.</span> 
     </span>
     <span class='ocr_line' id='line_1_19' title="bbox 129 1831 1269 1930; baseline -0.001 -24"><span class='ocrx_word' id='word_1_148' title='bbox 129 1903 133 1912; x_wconf 93' lang='grc'>,</span> <span class='ocrx_word' id='word_1_149' title='bbox 190 1846 270 1928; x_wconf 56' lang='lat' dir='ltr'>Eup..</span> <span class='ocrx_word' id='word_1_150' title='bbox 296 1853 351 1906; x_wconf 70' lang='lat'>58:</span> <span class='ocrx_word' id='word_1_151' title='bbox 378 1831 517 1930; x_wconf 76' lang='lat' dir='ltr'>quonium</span> <span class='ocrx_word' id='word_1_152' title='bbox 546 1847 628 1927; x_wconf 80' lang='lat' dir='ltr'>opud</span> <span class='ocrx_word' id='word_1_153' title='bbox 653 1846 780 1906; x_wconf 82' lang='lat' dir='ltr'>Ennium</span> <span class='ocrx_word' id='word_1_154' title='bbox 814 1856 844 1905; x_wconf 81' lang='lat' dir='ltr'>ot</span> <span class='ocrx_word' id='word_1_155' title='bbox 870 1846 985 1906; x_wconf 85' lang='lat' dir='ltr'>Attium</span> <span class='ocrx_word' id='word_1_156' title='bbox 1014 1847 1166 1905; x_wconf 77' lang='lat' dir='ltr'>uerborum</span> <span class='ocrx_word' id='word_1_157' title='bbox 1196 1849 1269 1905; x_wconf 74' lang='lat' dir='ltr'>sitos</span> 
     </span>
     <span class='ocr_line' id='line_1_20' title="bbox 192 1926 1267 2008; baseline -0.001 -22"><span class='ocrx_word' id='word_1_158' title='bbox 192 1933 387 2008; x_wconf 77' lang='lat' dir='ltr'>ooorrpooerr&#39;t.</span> <span class='ocrx_word' id='word_1_159' title='bbox 427 1930 530 1988; x_wconf 83' lang='lat' dir='ltr'>Horat.</span> <span class='ocrx_word' id='word_1_160' title='bbox 551 1929 681 2008; x_wconf 81' lang='lat' dir='ltr'><strong>Epp.·11‚</strong></span> <span class='ocrx_word' id='word_1_161' title='bbox 704 1935 734 2002; x_wconf 89' lang='grc'>2,</span> <span class='ocrx_word' id='word_1_162' title='bbox 758 1933 939 1991; x_wconf 84' lang='grc'><strong>116-119.</strong></span> <span class='ocrx_word' id='word_1_163' title='bbox 973 1926 1112 2006; x_wconf 77' lang='lat' dir='ltr'>Proferri</span> <span class='ocrx_word' id='word_1_164' title='bbox 1131 1931 1162 1986; x_wconf 85' lang='lat' dir='ltr'>in</span> <span class='ocrx_word' id='word_1_165' title='bbox 1177 1927 1267 1987; x_wconf 79' lang='lat' dir='ltr'>lucem</span> 
     </span>
     <span class='ocr_line' id='line_1_21' title="bbox 190 2008 1301 2092; baseline -0.002 -23"><span class='ocrx_word' id='word_1_166' title='bbox 190 2015 321 2092; x_wconf 74' lang='lat' dir='ltr'>specioso</span> <span class='ocrx_word' id='word_1_167' title='bbox 347 2011 485 2069; x_wconf 80' lang='lat' dir='ltr'>vocabulo</span> <span class='ocrx_word' id='word_1_168' title='bbox 513 2031 629 2083; x_wconf 81' lang='lat' dir='ltr'>rerum,</span> <span class='ocrx_word' id='word_1_169' title='bbox 669 2009 755 2089; x_wconf 83' lang='lat' dir='ltr'>Quae</span> <span class='ocrx_word' id='word_1_170' title='bbox 778 2013 885 2089; x_wconf 77' lang='lat' dir='ltr'>priscis</span> <span class='ocrx_word' id='word_1_171' title='bbox 913 2019 1079 2069; x_wconf 82' lang='lat' dir='ltr'>memorato</span> <span class='ocrx_word' id='word_1_172' title='bbox 1108 2008 1269 2069; x_wconf 78' lang='lat' dir='ltr'>Catonibus</span> <span class='ocrx_word' id='word_1_173' title='bbox 1295 2022 1301 2033; x_wconf 91' lang='grc'><em>“</em></span> 
     </span>
     <span class='ocr_line' id='line_1_22' title="bbox 191 2089 1269 2174; baseline 0 -23"><span class='ocrx_word' id='word_1_174' title='bbox 191 2103 279 2174; x_wconf 83' lang='lat' dir='ltr'>atquo</span> <span class='ocrx_word' id='word_1_175' title='bbox 309 2091 444 2165; x_wconf 77' lang='lat' dir='ltr'><em>Cethegis</em></span> <span class='ocrx_word' id='word_1_176' title='bbox 470 2091 555 2152; x_wconf 80' lang='lat' dir='ltr'>Nune</span> <span class='ocrx_word' id='word_1_177' title='bbox 577 2095 650 2149; x_wconf 82' lang='lat' dir='ltr'>situs</span> <span class='ocrx_word' id='word_1_178' title='bbox 670 2089 802 2170; x_wconf 77' lang='lat' dir='ltr'>informis</span> <span class='ocrx_word' id='word_1_179' title='bbox 820 2095 929 2172; x_wconf 79' lang='lat' dir='ltr'>premit</span> <span class='ocrx_word' id='word_1_180' title='bbox 949 2101 977 2150; x_wconf 86' lang='lat' dir='ltr'>et</span> <span class='ocrx_word' id='word_1_181' title='bbox 999 2091 1118 2151; x_wconf 82' lang='lat' dir='ltr'>desorto</span> <span class='ocrx_word' id='word_1_182' title='bbox 1140 2100 1269 2151; x_wconf 77' lang='lat' dir='ltr'>uetustos</span> 
     </span>
     <span class='ocr_line' id='line_1_23' title="bbox 192 2169 1266 2254; baseline -0.002 -21"><span class='ocrx_word' id='word_1_183' title='bbox 192 2195 216 2233; x_wconf 88' lang='lat' dir='ltr'>e.</span> <span class='ocrx_word' id='word_1_184' title='bbox 237 2184 350 2232; x_wconf 89' lang='lat' dir='ltr'>annott.</span> <span class='ocrx_word' id='word_1_185' title='bbox 371 2171 499 2231; x_wconf 85' lang='lat' dir='ltr'>Schmid.</span> <span class='ocrx_word' id='word_1_186' title='bbox 525 2171 627 2252; x_wconf 83' lang='lat' dir='ltr'>Regel.</span> <span class='ocrx_word' id='word_1_187' title='bbox 652 2172 688 2231; x_wconf 87' lang='lat' dir='ltr'>de</span> <span class='ocrx_word' id='word_1_188' title='bbox 716 2193 749 2231; x_wconf 92' lang='lat' dir='ltr'>re</span> <span class='ocrx_word' id='word_1_189' title='bbox 775 2172 876 2254; x_wconf 79' lang='lat' dir='ltr'>tnagis.</span> <span class='ocrx_word' id='word_1_190' title='bbox 899 2174 1060 2233; x_wconf 83' lang='lat' dir='ltr'>Romanor.</span> <span class='ocrx_word' id='word_1_191' title='bbox 1084 2194 1114 2253; x_wconf 89' lang='lat' dir='ltr'>p.</span> <span class='ocrx_word' id='word_1_192' title='bbox 1136 2177 1187 2233; x_wconf 87' lang='grc'>29.</span> <span class='ocrx_word' id='word_1_193' title='bbox 1228 2169 1266 2231; x_wconf 73' lang='lat' dir='ltr'>uli</span> 
     </span>
     <span class='ocr_line' id='line_1_24' title="bbox 191 2251 1267 2332; baseline 0 -19"><span class='ocrx_word' id='word_1_194' title='bbox 191 2254 267 2314; x_wconf 91' lang='lat' dir='ltr'>enim</span> <span class='ocrx_word' id='word_1_195' title='bbox 290 2267 422 2313; x_wconf 84' lang='lat' dir='ltr'>veterum</span> <span class='ocrx_word' id='word_1_196' title='bbox 443 2252 518 2326; x_wconf 72' lang='lat' dir='ltr'>loci,</span> <span class='ocrx_word' id='word_1_197' title='bbox 546 2253 598 2312; x_wconf 89' lang='lat' dir='ltr'>ubi</span> <span class='ocrx_word' id='word_1_198' title='bbox 626 2251 832 2332; x_wconf 73' lang='lat' dir='ltr'>vituperantur</span> <span class='ocrx_word' id='word_1_199' title='bbox 852 2253 963 2332; x_wconf 82' lang='lat' dir='ltr'>antiqui</span> <span class='ocrx_word' id='word_1_200' title='bbox 984 2257 1188 2314; x_wconf 84' lang='lat' dir='ltr'>Romanorum</span> <span class='ocrx_word' id='word_1_201' title='bbox 1208 2265 1267 2313; x_wconf 82' lang='lat' dir='ltr'>tra·</span> 
     </span>
     <span class='ocr_line' id='line_1_25' title="bbox 191 2334 1265 2420; baseline 0 -25"><span class='ocrx_word' id='word_1_202' title='bbox 191 2334 265 2420; x_wconf 67' lang='lat' dir='ltr'>giu,</span> <span class='ocrx_word' id='word_1_203' title='bbox 286 2359 314 2395; x_wconf 88' lang='lat' dir='ltr'>v.</span> <span class='ocrx_word' id='word_1_204' title='bbox 336 2359 360 2396; x_wconf 90' lang='lat' dir='ltr'>e.</span> <span class='ocrx_word' id='word_1_205' title='bbox 382 2336 449 2395; x_wconf 80' lang='lat' dir='ltr'>Tae</span> <span class='ocrx_word' id='word_1_206' title='bbox 470 2334 545 2395; x_wconf 92' lang='lat' dir='ltr'>Dial.</span> <span class='ocrx_word' id='word_1_207' title='bbox 565 2357 593 2394; x_wconf 86' lang='lat' dir='ltr'>v.</span> <span class='ocrx_word' id='word_1_208' title='bbox 615 2342 664 2394; x_wconf 87' lang='grc'>20.</span> <span class='ocrx_word' id='word_1_209' title='bbox 685 2335 766 2394; x_wconf 89' lang='lat' dir='ltr'>Pers.</span> <span class='ocrx_word' id='word_1_210' title='bbox 787 2336 847 2395; x_wconf 88' lang='lat' dir='ltr'>Sat.</span> <span class='ocrx_word' id='word_1_211' title='bbox 868 2338 891 2410; x_wconf 92' lang='grc' dir='ltr'>Ι,</span> <span class='ocrx_word' id='word_1_212' title='bbox 914 2342 952 2395; x_wconf 89' lang='grc'>76</span> <span class='ocrx_word' id='word_1_213' title='bbox 968 2357 1036 2415; x_wconf 80' lang='lat' dir='ltr'>sqq.</span> <span class='ocrx_word' id='word_1_214' title='bbox 1077 2335 1203 2396; x_wconf 86' lang='lat' dir='ltr'>Martial.</span> <span class='ocrx_word' id='word_1_215' title='bbox 1218 2336 1265 2395; x_wconf 88' lang='grc' dir='ltr'>ΧΙ.</span> 
     </span>
     <span class='ocr_line' id='line_1_26' title="bbox 191 2416 1265 2498; baseline -0.001 -20"><span class='ocrx_word' id='word_1_216' title='bbox 191 2423 239 2478; x_wconf 85' lang='lat'>91.</span> <span class='ocrx_word' id='word_1_217' title='bbox 256 2424 294 2492; x_wconf 85' lang='grc'>5.,</span> <span class='ocrx_word' id='word_1_218' title='bbox 316 2439 417 2476; x_wconf 90' lang='lat' dir='ltr'>omnes</span> <span class='ocrx_word' id='word_1_219' title='bbox 438 2428 571 2498; x_wconf 80' lang='lat' dir='ltr'>spectant</span> <span class='ocrx_word' id='word_1_220' title='bbox 590 2416 776 2476; x_wconf 82' lang='lat' dir='ltr'>solummodo</span> <span class='ocrx_word' id='word_1_221' title='bbox 793 2417 827 2474; x_wconf 81' lang='lat' dir='ltr'>ad</span> <span class='ocrx_word' id='word_1_222' title='bbox 842 2416 1004 2477; x_wconf 81' lang='lat' dir='ltr'>obsoletam</span> <span class='ocrx_word' id='word_1_223' title='bbox 1024 2416 1192 2498; x_wconf 82' lang='lat' dir='ltr'>priscorum</span> <span class='ocrx_word' id='word_1_224' title='bbox 1204 2428 1265 2477; x_wconf 87' lang='lat' dir='ltr'>tra·</span> 
     </span>
     <span class='ocr_line' id='line_1_27' title="bbox 189 2497 1267 2583; baseline -0.001 -25"><span class='ocrx_word' id='word_1_225' title='bbox 189 2500 322 2582; x_wconf 82' lang='lat' dir='ltr'>girorum</span> <span class='ocrx_word' id='word_1_226' title='bbox 346 2499 521 2575; x_wconf 76' lang='lat' dir='ltr'>dictionem,</span> <span class='ocrx_word' id='word_1_227' title='bbox 552 2520 625 2578; x_wconf 90' lang='lat' dir='ltr'>quae</span> <span class='ocrx_word' id='word_1_228' title='bbox 647 2520 717 2559; x_wconf 77' lang='lat' dir='ltr'>sarae</span> <span class='ocrx_word' id='word_1_229' title='bbox 737 2497 819 2558; x_wconf 88' lang='lat' dir='ltr'>molli</span> <span class='ocrx_word' id='word_1_230' title='bbox 840 2498 882 2563; x_wconf 89' lang='lat' dir='ltr'>illi</span> <span class='ocrx_word' id='word_1_231' title='bbox 902 2511 972 2579; x_wconf 87' lang='lat' dir='ltr'>post</span> <span class='ocrx_word' id='word_1_232' title='bbox 992 2497 1159 2583; x_wconf 80' lang='lat' dir='ltr'>Augustum</span> <span class='ocrx_word' id='word_1_233' title='bbox 1181 2497 1267 2559; x_wconf 85' lang='lat' dir='ltr'>aetati</span> 
     </span>
     <span class='ocr_line' id='line_1_28' title="bbox 189 2578 1266 2662; baseline -0.001 -22"><span class='ocrx_word' id='word_1_234' title='bbox 189 2602 250 2640; x_wconf 91' lang='lat' dir='ltr'>non</span> <span class='ocrx_word' id='word_1_235' title='bbox 280 2601 455 2662; x_wconf 83' lang='lat' dir='ltr'>magnopere</span> <span class='ocrx_word' id='word_1_236' title='bbox 475 2592 592 2661; x_wconf 87' lang='lat' dir='ltr'>poterat</span> <span class='ocrx_word' id='word_1_237' title='bbox 617 2579 748 2661; x_wconf 81' lang='lat' dir='ltr'>plaeere,</span> <span class='ocrx_word' id='word_1_238' title='bbox 779 2591 809 2638; x_wconf 86' lang='lat' dir='ltr'>et</span> <span class='ocrx_word' id='word_1_239' title='bbox 836 2601 872 2639; x_wconf 91' lang='lat' dir='ltr'>eo</span> <span class='ocrx_word' id='word_1_240' title='bbox 904 2579 995 2661; x_wconf 82' lang='lat' dir='ltr'>magis</span> <span class='ocrx_word' id='word_1_241' title='bbox 1024 2578 1266 2660; x_wconf 85' lang='lat' dir='ltr'>reprehendenda</span> 
     </span>
     <span class='ocr_line' id='line_1_29' title="bbox 188 2659 1265 2741; baseline 0 -20"><span class='ocrx_word' id='word_1_242' title='bbox 188 2661 282 2722; x_wconf 77' lang='lat' dir='ltr'>uideri</span> <span class='ocrx_word' id='word_1_243' title='bbox 309 2662 447 2736; x_wconf 87' lang='lat' dir='ltr'>debebat,</span> <span class='ocrx_word' id='word_1_244' title='bbox 477 2683 537 2741; x_wconf 89' lang='lat' dir='ltr'>quo</span> <span class='ocrx_word' id='word_1_245' title='bbox 559 2661 699 2722; x_wconf 83' lang='lat' dir='ltr'>insulsius</span> <span class='ocrx_word' id='word_1_246' title='bbox 723 2660 809 2720; x_wconf 89' lang='lat' dir='ltr'>multi</span> <span class='ocrx_word' id='word_1_247' title='bbox 835 2659 911 2720; x_wconf 83' lang='lat' dir='ltr'>Attii</span> <span class='ocrx_word' id='word_1_248' title='bbox 936 2662 1113 2741; x_wconf 85' lang='lat' dir='ltr'>Pacuviique</span> <span class='ocrx_word' id='word_1_249' title='bbox 1134 2673 1265 2722; x_wconf 87' lang='lat' dir='ltr'>veterem</span> 
     </span>
     <span class='ocr_line' id='line_1_30' title="bbox 189 2740 1265 2803; baseline 0.002 -2"><span class='ocrx_word' id='word_1_250' title='bbox 189 2742 304 2802; x_wconf 87' lang='lat' dir='ltr'>dicendi</span> <span class='ocrx_word' id='word_1_251' title='bbox 326 2744 468 2801; x_wconf 87' lang='lat' dir='ltr'>rationem</span> <span class='ocrx_word' id='word_1_252' title='bbox 488 2743 682 2802; x_wconf 84' lang='lat' dir='ltr'>imitarentur.</span> <span class='ocrx_word' id='word_1_253' title='bbox 700 2746 706 2750; x_wconf 78' lang='grc'><strong>’</strong></span> <span class='ocrx_word' id='word_1_254' title='bbox 724 2741 835 2802; x_wconf 88' lang='lat' dir='ltr'>Contra</span> <span class='ocrx_word' id='word_1_255' title='bbox 858 2743 888 2802; x_wconf 91' lang='lat' dir='ltr'>in</span> <span class='ocrx_word' id='word_1_256' title='bbox 910 2743 1079 2803; x_wconf 73' lang='lat' dir='ltr'>universnm</span> <span class='ocrx_word' id='word_1_257' title='bbox 1096 2740 1265 2803; x_wconf 81' lang='lat' dir='ltr'>testimonia</span> 
     </span>
     <span class='ocr_line' id='line_1_31' title="bbox 188 2822 1296 2904; baseline 0.003 -21"><span class='ocrx_word' id='word_1_258' title='bbox 188 2835 320 2883; x_wconf 70' lang='lat' dir='ltr'>veterum</span> <span class='ocrx_word' id='word_1_259' title='bbox 342 2822 381 2880; x_wconf 89' lang='lat' dir='ltr'>ita</span> <span class='ocrx_word' id='word_1_260' title='bbox 402 2835 565 2902; x_wconf 75' lang='lat' dir='ltr'>comparata</span> <span class='ocrx_word' id='word_1_261' title='bbox 585 2834 670 2896; x_wconf 83' lang='lat' dir='ltr'>sunt,</span> <span class='ocrx_word' id='word_1_262' title='bbox 699 2835 733 2882; x_wconf 85' lang='lat' dir='ltr'>ut</span> <span class='ocrx_word' id='word_1_263' title='bbox 752 2823 809 2884; x_wconf 90' lang='lat' dir='ltr'>uisi</span> <span class='ocrx_word' id='word_1_264' title='bbox 838 2824 902 2904; x_wconf 89' lang='lat' dir='ltr'>quis</span> <span class='ocrx_word' id='word_1_265' title='bbox 927 2836 1139 2904; x_wconf 83' lang='lat' dir='ltr'>praeoccupato</span> <span class='ocrx_word' id='word_1_266' title='bbox 1169 2825 1204 2885; x_wconf 85' lang='lat' dir='ltr'>ad</span> <span class='ocrx_word' id='word_1_267' title='bbox 1233 2844 1265 2884; x_wconf 77' lang='lat' dir='ltr'>ea</span> <span class='ocrx_word' id='word_1_268' title='bbox 1291 2874 1296 2887; x_wconf 83' lang='lat'><strong>.</strong></span> 
     </span>
     <span class='ocr_line' id='line_1_32' title="bbox 148 2904 1264 2988; baseline 0.001 -24"><span class='ocrx_word' id='word_1_269' title='bbox 148 2941 150 2944; x_wconf 94' lang='lat'>·</span> <span class='ocrx_word' id='word_1_270' title='bbox 187 2904 304 2964; x_wconf 81' lang='lat' dir='ltr'>accedat</span> <span class='ocrx_word' id='word_1_271' title='bbox 323 2904 438 2978; x_wconf 82' lang='lat' dir='ltr'>animo,</span> <span class='ocrx_word' id='word_1_272' title='bbox 459 2904 624 2988; x_wconf 85' lang='lat' dir='ltr'>intelligere</span> <span class='ocrx_word' id='word_1_273' title='bbox 645 2904 757 2979; x_wconf 85' lang='lat' dir='ltr'>debeat,</span> <span class='ocrx_word' id='word_1_274' title='bbox 780 2906 929 2968; x_wconf 82' lang='lat' dir='ltr'>Romanos</span> <span class='ocrx_word' id='word_1_275' title='bbox 951 2906 1055 2965; x_wconf 87' lang='lat' dir='ltr'>summi</span> <span class='ocrx_word' id='word_1_276' title='bbox 1076 2905 1184 2967; x_wconf 81' lang='lat' dir='ltr'>iecisse</span> <span class='ocrx_word' id='word_1_277' title='bbox 1202 2916 1264 2965; x_wconf 82' lang='lat' dir='ltr'>non</span> 
     </span>
     <span class='ocr_line' id='line_1_33' title="bbox 134 2984 1264 3069; baseline 0.004 -24"><span class='ocrx_word' id='word_1_278' title='bbox 134 3040 136 3045; x_wconf 87' lang='lat'><strong>.</strong></span> <span class='ocrx_word' id='word_1_279' title='bbox 187 2985 284 3046; x_wconf 89' lang='lat' dir='ltr'>solum</span> <span class='ocrx_word' id='word_1_280' title='bbox 303 2986 496 3046; x_wconf 83' lang='lat' dir='ltr'>recentiorem</span> <span class='ocrx_word' id='word_1_281' title='bbox 510 2985 655 3069; x_wconf 75' lang='lat' dir='ltr'>Augustei</span> <span class='ocrx_word' id='word_1_282' title='bbox 677 2986 740 3046; x_wconf 84' lang='lat' dir='ltr'>aevi</span> <span class='ocrx_word' id='word_1_283' title='bbox 761 2988 814 3048; x_wconf 90' lang='lat' dir='ltr'>sed</span> <span class='ocrx_word' id='word_1_284' title='bbox 836 2988 920 3049; x_wconf 83' lang='lat' dir='ltr'>etiarn</span> <span class='ocrx_word' id='word_1_285' title='bbox 941 2986 1173 3069; x_wconf 81' lang='lat' dir='ltr'>antiquissimam</span> <span class='ocrx_word' id='word_1_286' title='bbox 1187 2984 1264 3049; x_wconf 85' lang='lat' dir='ltr'>illam</span> 
     </span>
     <span class='ocr_line' id='line_1_34' title="bbox 187 3067 836 3150; baseline -0.002 -22"><span class='ocrx_word' id='word_1_287' title='bbox 187 3067 283 3145; x_wconf 79' lang='lat' dir='ltr'>Livii,</span> <span class='ocrx_word' id='word_1_288' title='bbox 303 3067 410 3144; x_wconf 78' lang='grc' dir='ltr'>Εηιιῐί,</span> <span class='ocrx_word' id='word_1_289' title='bbox 430 3067 613 3148; x_wconf 87' lang='lat' dir='ltr'>reliquorum</span> <span class='ocrx_word' id='word_1_290' title='bbox 633 3069 836 3150; x_wconf 70' lang='lat' dir='ltr'>tragos-iam«</span> 
     </span>
    </p>

    <p class='ocr_par' dir='ltr' id='par_1_7' title="bbox 173 3158 1264 3724">
     <span class='ocr_line' id='line_1_35' title="bbox 270 3158 1264 3247; baseline 0.002 -26"><span class='ocrx_word' id='word_1_291' title='bbox 270 3184 307 3221; x_wconf 78' lang='lat' dir='ltr'>eu·</span> <span class='ocrx_word' id='word_1_292' title='bbox 323 3162 445 3222; x_wconf 83' lang='lat' dir='ltr'>llorotii</span> <span class='ocrx_word' id='word_1_293' title='bbox 457 3172 486 3221; x_wconf 83' lang='lat' dir='ltr'>ot</span> <span class='ocrx_word' id='word_1_294' title='bbox 503 3163 619 3236; x_wconf 70' lang='lat' dir='ltr'>Virgilii</span> <span class='ocrx_word' id='word_1_295' title='bbox 636 3173 665 3222; x_wconf 84' lang='lat' dir='ltr'>et</span> <span class='ocrx_word' id='word_1_296' title='bbox 685 3163 803 3222; x_wconf 80' lang='lat' dir='ltr'>Lucani</span> <span class='ocrx_word' id='word_1_297' title='bbox 821 3165 959 3222; x_wconf 86' lang='lat' dir='ltr'>soororio</span> <span class='ocrx_word' id='word_1_298' title='bbox 975 3159 1128 3247; x_wconf 84' lang='lat' dir='ltr'>prolutus]</span> <span class='ocrx_word' id='word_1_299' title='bbox 1151 3158 1264 3239; x_wconf 79' lang='lat' dir='ltr'>Quanti</span> 
     </span>
     <span class='ocr_line' id='line_1_36' title="bbox 186 3242 1263 3325; baseline 0.004 -22"><span class='ocrx_word' id='word_1_300' title='bbox 186 3242 311 3303; x_wconf 86' lang='lat' dir='ltr'>iecerint</span> <span class='ocrx_word' id='word_1_301' title='bbox 332 3244 386 3303; x_wconf 91' lang='lat' dir='ltr'>bos</span> <span class='ocrx_word' id='word_1_302' title='bbox 413 3254 514 3323; x_wconf 88' lang='lat' dir='ltr'>poetas</span> <span class='ocrx_word' id='word_1_303' title='bbox 536 3243 679 3316; x_wconf 85' lang='lat' dir='ltr'>Romani,</span> <span class='ocrx_word' id='word_1_304' title='bbox 708 3243 883 3325; x_wconf 76' lang='lat' dir='ltr'>intelligitur</span> <span class='ocrx_word' id='word_1_305' title='bbox 905 3265 921 3304; x_wconf 91' lang='lat' dir='ltr'>e</span> <span class='ocrx_word' id='word_1_306' title='bbox 940 3243 1146 3321; x_wconf 77' lang='lat' dir='ltr'>Quintiliano,</span> <span class='ocrx_word' id='word_1_307' title='bbox 1176 3265 1263 3325; x_wconf 84' lang='lat' dir='ltr'>quem</span> 
     </span>
     <span class='ocr_line' id='line_1_37' title="bbox 188 3324 1263 3399; baseline 0.003 -15"><span class='ocrx_word' id='word_1_308' title='bbox 188 3324 225 3384; x_wconf 85' lang='lat' dir='ltr'>ef.</span> <span class='ocrx_word' id='word_1_309' title='bbox 245 3327 284 3396; x_wconf 89' lang='grc' dir='ltr'>Χ,</span> <span class='ocrx_word' id='word_1_310' title='bbox 308 3330 336 3399; x_wconf 89' lang='grc'>1,</span> <span class='ocrx_word' id='word_1_311' title='bbox 358 3327 397 3385; x_wconf 85' lang='grc'>94</span> <span class='ocrx_word' id='word_1_312' title='bbox 418 3335 448 3383; x_wconf 89' lang='lat' dir='ltr'>et</span> <span class='ocrx_word' id='word_1_313' title='bbox 469 3329 516 3384; x_wconf 84' lang='lat'>95.</span> <span class='ocrx_word' id='word_1_314' title='bbox 538 3325 574 3385; x_wconf 89' lang='lat' dir='ltr'>de</span> <span class='ocrx_word' id='word_1_315' title='bbox 593 3325 739 3395; x_wconf 81' lang='lat' dir='ltr'>Horatio;</span> <span class='ocrx_word' id='word_1_316' title='bbox 757 3324 797 3385; x_wconf 85' lang='lat' dir='ltr'>ib.</span> <span class='ocrx_word' id='word_1_317' title='bbox 817 3332 866 3385; x_wconf 82' lang='lat'>85.</span> <span class='ocrx_word' id='word_1_318' title='bbox 887 3326 1076 3399; x_wconf 69' lang='lat' dir='ltr'>de&#39;lirgilio,</span> <span class='ocrx_word' id='word_1_319' title='bbox 1097 3325 1136 3385; x_wconf 84' lang='lat' dir='ltr'>ib.</span> <span class='ocrx_word' id='word_1_320' title='bbox 1156 3330 1206 3386; x_wconf 88' lang='grc'><strong>90.</strong></span> <span class='ocrx_word' id='word_1_321' title='bbox 1226 3324 1263 3387; x_wconf 76' lang='lat' dir='ltr'>de</span> 
     </span>
     <span class='ocr_line' id='line_1_38' title="bbox 185 3402 1261 3489; baseline 0.001 -23"><span class='ocrx_word' id='word_1_322' title='bbox 185 3406 229 3467; x_wconf 89' lang='lat' dir='ltr'>M.</span> <span class='ocrx_word' id='word_1_323' title='bbox 248 3405 372 3465; x_wconf 83' lang='lat' dir='ltr'>Annaeo</span> <span class='ocrx_word' id='word_1_324' title='bbox 394 3405 535 3481; x_wconf 78' lang='lat' dir='ltr'>Lucano,</span> <span class='ocrx_word' id='word_1_325' title='bbox 557 3406 608 3485; x_wconf 91' lang='lat' dir='ltr'>qui</span> <span class='ocrx_word' id='word_1_326' title='bbox 629 3418 713 3466; x_wconf 88' lang='lat' dir='ltr'>natus</span> <span class='ocrx_word' id='word_1_327' title='bbox 736 3402 892 3467; x_wconf 83' lang='lat' dir='ltr'>Cordubae</span> <span class='ocrx_word' id='word_1_328' title='bbox 918 3405 949 3467; x_wconf 92' lang='lat' dir='ltr'>iu</span> <span class='ocrx_word' id='word_1_329' title='bbox 971 3407 1138 3489; x_wconf 78' lang='lat' dir='ltr'>Hispana</span> <span class='ocrx_word' id='word_1_330' title='bbox 1161 3412 1211 3467; x_wconf 81' lang='lat'>38.</span> <span class='ocrx_word' id='word_1_331' title='bbox 1232 3427 1261 3487; x_wconf 82' lang='lat' dir='ltr'>p.</span> 
     </span>
     <span class='ocr_line' id='line_1_39' title="bbox 188 3484 1260 3570; baseline 0.001 -24"><span class='ocrx_word' id='word_1_332' title='bbox 188 3484 242 3546; x_wconf 87' lang='lat' dir='ltr'>Ch.</span> <span class='ocrx_word' id='word_1_333' title='bbox 264 3497 351 3545; x_wconf 87' lang='lat' dir='ltr'>mort.</span> <span class='ocrx_word' id='word_1_334' title='bbox 372 3491 420 3546; x_wconf 87' lang='grc'><strong>65.</strong></span> <span class='ocrx_word' id='word_1_335' title='bbox 468 3486 644 3548; x_wconf 82' lang='lat' dir='ltr'>Pharsaliam</span> <span class='ocrx_word' id='word_1_336' title='bbox 665 3489 701 3547; x_wconf 85' lang='lat' dir='ltr'>X.</span> <span class='ocrx_word' id='word_1_337' title='bbox 729 3486 812 3548; x_wconf 87' lang='lat' dir='ltr'>libris</span> <span class='ocrx_word' id='word_1_338' title='bbox 842 3488 961 3570; x_wconf 82' lang='lat' dir='ltr'>scripsit</span> <span class='ocrx_word' id='word_1_339' title='bbox 988 3486 1170 3569; x_wconf 87' lang='lat' dir='ltr'>summisque</span> <span class='ocrx_word' id='word_1_340' title='bbox 1198 3487 1260 3549; x_wconf 86' lang='lat' dir='ltr'>lau·</span> 
     </span>
     <span class='ocr_line' id='line_1_40' title="bbox 186 3566 1261 3652; baseline 0.002 -25"><span class='ocrx_word' id='word_1_341' title='bbox 186 3566 271 3628; x_wconf 84' lang='lat' dir='ltr'>dibus</span> <span class='ocrx_word' id='word_1_342' title='bbox 299 3567 467 3627; x_wconf 80' lang='lat' dir='ltr'>ablartiale</span> <span class='ocrx_word' id='word_1_343' title='bbox 494 3589 613 3648; x_wconf 89' lang='lat' dir='ltr'>quoque</span> <span class='ocrx_word' id='word_1_344' title='bbox 641 3568 742 3652; x_wconf 83' lang='lat' dir='ltr'>Epigr.</span> <span class='ocrx_word' id='word_1_345' title='bbox 771 3573 835 3644; x_wconf 83' lang='lat' dir='ltr'>Vll,</span> <span class='ocrx_word' id='word_1_346' title='bbox 863 3574 911 3630; x_wconf 87' lang='grc'><strong>21.</strong></span> <span class='ocrx_word' id='word_1_347' title='bbox 942 3575 992 3630; x_wconf 84' lang='grc'><strong>22.</strong></span> <span class='ocrx_word' id='word_1_348' title='bbox 1012 3576 1062 3630; x_wconf 82' lang='grc'><strong>23.</strong></span> <span class='ocrx_word' id='word_1_349' title='bbox 1092 3581 1164 3629; x_wconf 73' lang='lat' dir='ltr'>et0a</span> <span class='ocrx_word' id='word_1_350' title='bbox 1188 3569 1261 3629; x_wconf 83' lang='lat' dir='ltr'>Stat.</span> 
     </span>
     <span class='ocr_line' id='line_1_41' title="bbox 173 3649 1260 3724; baseline 0.004 -19"><span class='ocrx_word' id='word_1_351' title='bbox 173 3649 259 3710; x_wconf 88' lang='lat' dir='ltr'>.Silv.</span> <span class='ocrx_word' id='word_1_352' title='bbox 281 3654 318 3724; x_wconf 93' lang='grc' dir='ltr'>ΙΙ,</span> <span class='ocrx_word' id='word_1_353' title='bbox 341 3657 367 3709; x_wconf 88' lang='lat'>7.</span> <span class='ocrx_word' id='word_1_354' title='bbox 389 3649 551 3710; x_wconf 82' lang='lat' dir='ltr'>celebratus</span> <span class='ocrx_word' id='word_1_355' title='bbox 573 3661 627 3710; x_wconf 90' lang='lat' dir='ltr'>est.</span> <span class='ocrx_word' id='word_1_356' title='bbox 665 3651 711 3711; x_wconf 89' lang='lat' dir='ltr'>De</span> <span class='ocrx_word' id='word_1_357' title='bbox 731 3654 867 3711; x_wconf 84' lang='lat' dir='ltr'>sacrario</span> <span class='ocrx_word' id='word_1_358' title='bbox 888 3651 935 3711; x_wconf 78' lang='lat' dir='ltr'>vd.</span> <span class='ocrx_word' id='word_1_359' title='bbox 954 3662 1053 3711; x_wconf 89' lang='lat' dir='ltr'>annot.</span> <span class='ocrx_word' id='word_1_360' title='bbox 1075 3651 1111 3711; x_wconf 91' lang='lat' dir='ltr'>ad</span> <span class='ocrx_word' id='word_1_361' title='bbox 1126 3650 1260 3712; x_wconf 72' lang='lat' dir='ltr'>Diei-12.</span> 
     </span>
    </p>

    <p class='ocr_par' dir='ltr' id='par_1_8' title="bbox 181 3741 1261 3884">
     <span class='ocr_line' id='line_1_42' title="bbox 268 3741 1261 3825; baseline 0.006 -23"><span class='ocrx_word' id='word_1_362' title='bbox 268 3743 389 3802; x_wconf 83' lang='lat' dir='ltr'>auribus</span> <span class='ocrx_word' id='word_1_363' title='bbox 409 3751 438 3802; x_wconf 84' lang='lat' dir='ltr'>ot</span> <span class='ocrx_word' id='word_1_364' title='bbox 458 3741 590 3824; x_wconf 81' lang='lat' dir='ltr'>iudiciis]</span> <span class='ocrx_word' id='word_1_365' title='bbox 618 3743 673 3802; x_wconf 85' lang='lat' dir='ltr'>Est</span> <span class='ocrx_word' id='word_1_366' title='bbox 699 3750 726 3803; x_wconf 78' lang='grc' dir='ltr'>ἓν</span> <span class='ocrx_word' id='word_1_367' title='bbox 743 3745 789 3804; x_wconf 76' lang='lat' dir='ltr'>oroi</span> <span class='ocrx_word' id='word_1_368' title='bbox 808 3750 885 3805; x_wconf 79' lang='grc' dir='ltr'><em>δυοτν</em></span> <span class='ocrx_word' id='word_1_369' title='bbox 908 3765 965 3825; x_wconf 88' lang='lat' dir='ltr'>pro</span> <span class='ocrx_word' id='word_1_370' title='bbox 985 3745 1108 3804; x_wconf 80' lang='lat' dir='ltr'>auribus</span> <span class='ocrx_word' id='word_1_371' title='bbox 1124 3745 1261 3808; x_wconf 79' lang='lat' dir='ltr'>iudicau-</span> 
     </span>
     <span class='ocr_line' id='line_1_43' title="bbox 181 3826 263 3884; baseline -0.012 0"><span class='ocrx_word' id='word_1_372' title='bbox 181 3826 263 3884; x_wconf 83' lang='lat' dir='ltr'>tium.</span> 
     </span>
    </p>

    <p class='ocr_par' dir='ltr' id='par_1_9' title="bbox 267 3890 1246 3990">
     <span class='ocr_line' id='line_1_44' title="bbox 267 3890 1246 3990; baseline 0.002 -26"><span class='ocrx_word' id='word_1_373' title='bbox 267 3927 330 3964; x_wconf 84' lang='lat' dir='ltr'>cum</span> <span class='ocrx_word' id='word_1_374' title='bbox 353 3907 499 3986; x_wconf 67' lang='lat' dir='ltr'>volumtate</span> <span class='ocrx_word' id='word_1_375' title='bbox 516 3906 704 3990; x_wconf 80' lang='lat' dir='ltr'>perveniunt]</span> <span class='ocrx_word' id='word_1_376' title='bbox 726 3909 782 3968; x_wconf 83' lang='lat' dir='ltr'>Vd.</span> <span class='ocrx_word' id='word_1_377' title='bbox 801 3919 901 3969; x_wconf 79' lang='lat' dir='ltr'>annot·</span> <span class='ocrx_word' id='word_1_378' title='bbox 921 3906 956 3967; x_wconf 82' lang='lat' dir='ltr'>ad</span> <span class='ocrx_word' id='word_1_379' title='bbox 977 3904 1052 3966; x_wconf 87' lang='lat' dir='ltr'>Dial.</span> <span class='ocrx_word' id='word_1_380' title='bbox 1072 3912 1100 3968; x_wconf 88' lang='grc'><strong>7.</strong></span> <span class='ocrx_word' id='word_1_381' title='bbox 1113 3890 1150 3990; x_wconf 79' lang='lat' dir='ltr'>¹p.</span> <span class='ocrx_word' id='word_1_382' title='bbox 1171 3912 1221 3972; x_wconf 78' lang='grc'>43.</span> <span class='ocrx_word' id='word_1_383' title='bbox 1242 3974 1246 3979; x_wconf 49' lang='grc'>,</span> 
     </span>
    </p>

    <p class='ocr_par' dir='ltr' id='par_1_10' title="bbox 266 3992 1260 4082">
     <span class='ocr_line' id='line_1_45' title="bbox 266 3992 1260 4082; baseline 0.007 -30"><span class='ocrx_word' id='word_1_384' title='bbox 266 3992 347 4072; x_wconf 81' lang='lat' dir='ltr'>Quid</span> <span class='ocrx_word' id='word_1_385' title='bbox 366 3992 459 4076; x_wconf 86' lang='lat' dir='ltr'>enim]</span> <span class='ocrx_word' id='word_1_386' title='bbox 487 3997 547 4056; x_wconf 91' lang='lat' dir='ltr'>Pro</span> <span class='ocrx_word' id='word_1_387' title='bbox 570 3995 621 4056; x_wconf 87' lang='lat' dir='ltr'>hac</span> <span class='ocrx_word' id='word_1_388' title='bbox 642 3998 707 4060; x_wconf 90' lang='lat' dir='ltr'>lect.</span> <span class='ocrx_word' id='word_1_389' title='bbox 736 3999 886 4060; x_wconf 88' lang='lat' dir='ltr'>sanissima</span> <span class='ocrx_word' id='word_1_390' title='bbox 913 4003 977 4082; x_wconf 84' lang='lat' dir='ltr'>quis</span> <span class='ocrx_word' id='word_1_391' title='bbox 997 4002 1073 4058; x_wconf 85' lang='lat' dir='ltr'>onim</span> <span class='ocrx_word' id='word_1_392' title='bbox 1093 3997 1260 4077; x_wconf 71' lang='lat' dir='ltr'>iufirmiora</span> 
     </span>
    </p>
   </div>
   <div class='ocr_carea' id='block_1_7' title="bbox 181 4072 1260 4245">
    <p class='ocr_par' dir='ltr' id='par_1_11' title="bbox 181 4072 1260 4245">
     <span class='ocr_line' id='line_1_46' title="bbox 182 4072 1260 4158; baseline 0.006 -24"><span class='ocrx_word' id='word_1_393' title='bbox 182 4072 313 4134; x_wconf 84' lang='lat' dir='ltr'>correxit</span> <span class='ocrx_word' id='word_1_394' title='bbox 338 4075 458 4150; x_wconf 77' lang='lat' dir='ltr'>Reum,</span> <span class='ocrx_word' id='word_1_395' title='bbox 491 4077 562 4158; x_wconf 83' lang='lat' dir='ltr'>quid</span> <span class='ocrx_word' id='word_1_396' title='bbox 587 4083 687 4139; x_wconf 80' lang='lat' dir='ltr'>euim?</span> <span class='ocrx_word' id='word_1_397' title='bbox 722 4085 780 4140; x_wconf 86' lang='lat' dir='ltr'>uisi</span> <span class='ocrx_word' id='word_1_398' title='bbox 806 4084 937 4154; x_wconf 79' lang='lat' dir='ltr'>Osann,</span> <span class='ocrx_word' id='word_1_399' title='bbox 959 4081 1034 4141; x_wconf 85' lang='lat' dir='ltr'>male</span> <span class='ocrx_word' id='word_1_400' title='bbox 1061 4079 1260 4141; x_wconf 82' lang='lat' dir='ltr'>distinxerunt</span> 
     </span>
     <span class='ocr_line' id='line_1_47' title="bbox 181 4154 1259 4245; baseline 0.011 -33"><span class='ocrx_word' id='word_1_401' title='bbox 181 4154 369 4238; x_wconf 67' lang='lat' dir='ltr'>quidenna?</span> <span class='ocrx_word' id='word_1_402' title='bbox 396 4161 424 4217; x_wconf 90' lang='lat' dir='ltr'>si</span> <span class='ocrx_word' id='word_1_403' title='bbox 444 4156 570 4220; x_wconf 69' lang='lat' dir='ltr'>scebat.</span> <span class='ocrx_word' id='word_1_404' title='bbox 590 4157 754 4225; x_wconf 72' lang='lat' dir='ltr'>Danub&#39;et</span> <span class='ocrx_word' id='word_1_405' title='bbox 775 4163 868 4224; x_wconf 87' lang='lat' dir='ltr'>Orell.</span> <span class='ocrx_word' id='word_1_406' title='bbox 887 4162 940 4245; x_wconf 83' lang='lat' dir='ltr'>(ri.</span> <span class='ocrx_word' id='word_1_407' title='bbox 960 4160 1090 4224; x_wconf 73' lang='lat' dir='ltr'>Sonuit</span> <span class='ocrx_word' id='word_1_408' title='bbox 1110 4163 1147 4225; x_wconf 88' lang='lat' dir='ltr'>de</span> <span class='ocrx_word' id='word_1_409' title='bbox 1167 4161 1259 4224; x_wconf 87' lang='lat' dir='ltr'>iuter·</span> 
     </span>
    </p>
   </div>
   <div class='ocr_carea' id='block_1_8' title="bbox 0 0 1322 4656">
    <p class='ocr_par' dir='ltr' id='par_1_12' title="bbox 0 0 1322 4656">
     <span class='ocr_line' id='line_1_48' title="bbox 0 0 1322 4656; baseline 0 3"><span class='ocrx_word' id='word_1_410' title='bbox 0 0 1322 4656; x_wconf 95' lang='lat' dir='ltr'> </span> 
     </span>
    </p>
   </div>
  </div>
 </body>
</html>
