2634 4656
510 258 590 343 Cap.
603 261 690 325 ⁴XX.
708 261 801 326 XXI.
845 284 861 350 f·
1133 268 1196 329 1³9

116 405 238 481 luorum
272 426 459 510 temporum
485 412 608 515 templa
640 415 792 502 eredas,¹
813 415 891 514 qnia
923 443 991 487 non
1015 416 1094 489 rudi
1120 447 1196 492 cae·

114 525 229 589 mento
255 526 286 607 et
312 510 515 585 informibus
539 513 659 610 tegnlis
685 531 917 604 exstruuntur,
944 514 1005 588 sed
1030 543 1194 593 marmore

113 606 223 680 nitent
248 626 280 683 et
303 636 385 685 auro
409 611 607 689 radiantur?

527 776 598 836 (ia
612 795 652 849 ιι.
684 777 803 834 mr
929 848 933 858 1
1084 844 1086 849 ,

215 875 384 975 Equidem
413 877 521 948 fateor
549 877 645 949 robis
677 876 872 977 simpliciter
903 907 956 952 me
989 877 1025 951 in
1052 879 1205 978 quibus-·

114 972 197 1047 (lam
223 976 436 1075 antiquorum
462 976 516 1048 rix
544 977 671 1063 risum,
707 977 742 1048 in
774 977 978 1077 quibusdam
1003 988 1112 1050 autem
1142 980 1195 1051 rix

114 1152 219 1225 punit.
241 1143 343 1204 harum
371 1144 557 1228 interrogatt.
587 1146 622 1205 ad
643 1146 746 1205 Horat.
767 1146 841 1226 Epp.
863 1150 886 1220 l,
909 1151 959 1223 16,
984 1145 1039 1228 8.),
1060 1158 1090 1233 et
1111 1145 1195 1228 pirae-

92 1291 95 1305 ,
114 1236 166 1284 ter
185 1224 386 1287 necessitatem
408 1227 599 1287 coniecerunt
619 1248 659 1285 an
679 1231 776 1308 prosi
791 1227 893 1288 Oberl.
916 1240 945 1287 et
964 1230 1076 1288 scilicet
1096 1232 1197 1309 prosi

116 1305 232 1381 Orell.,
260 1330 349 1386 quem
367 1320 478 1369 temere
499 1320 617 1369 secutus
647 1321 692 1367 cst
713 1310 871 1369 Gutmann.
901 1309 931 1368 in
952 1308 1105 1389 interpret.
1126 1332 1194 1370 rer-

114 1387 228 1461 nacnla.
276 1391 331 1450 Est
353 1391 422 1452 haec
445 1390 571 1451 formula
591 1388 717 1470 elliptica
745 1388 807 1471 (vd.
829 1395 944 1470 Zumpt.
974 1393 1028 1451 Gr.
1048 1390 1077 1472 ᾗ.
1098 1388 1209 1466 tea),

113 1469 165 1529 cui
186 1472 348 1551 respondet
372 1473 485 1532 Graeca
504 1475 608 1549 ιίγάρ,
629 1481 651 1531 at
672 1507 729 1544 -‚
757 1471 793 1531 de
818 1493 874 1552 qua
895 1471 930 1531 cl.
955 1469 1054 1553 Viget.
1077 1494 1104 1551 q.
1130 1475 1195 1533 147.
1241 1526 1243 1531 .

114 1551 239 1612 Herbst.
260 1554 295 1611 ad
313 1554 462 1634 ,Xenoph
492 1557 614 1612 Memor.
638 1556 672 1625 ll,
695 1559 724 1627 6,
748 1560 795 1626 2.,
826 1553 870 1613 sic
888 1551 1071 1633 explicanda:
1113 1552 1196 1627 Quid

115 1633 207 1707 enim,
229 1632 255 1693 si
268 1671 305 1683 -
322 1636 433 1709 credas,
457 1635 493 1695 de
515 1635 566 1695 hac
587 1633 726 1715 opinione
745 1633 931 1707 iudicandum
951 1635 1027 1694 erit?
1054 1633 1194 1714 adquam

114 1714 380 1797 interrogationem
407 1716 490 1776 facile
511 1718 576 1796 quis
599 1716 793 1796 respondeat,
821 1715 919 1775 falsam
940 1736 1006 1775 esse
1026 1710 1195 1775 huiusmodi

114 1797 288 1878 opinionem
305 1799 490 1858 iudicandum
511 1799 575 1858 erit.
616 1797 734 1856 Etenim
754 1798 797 1873 Μ.
813 1798 912 1877 Aper,
942 1808 976 1855 ut
1002 1797 1195 1875 demonstret,

114 1900 178 1939 uon
200 1878 268 1938 ideo
288 1880 385 1940 minus
411 1879 543 1961 efficaces
566 1900 631 1939 esse
652 1879 817 1953 orationes,
845 1877 913 1958 quia
930 1889 1063 1937 oratores
1091 1878 1194 1938 laetius
1255 1910 1257 1917 =

114 1959 233 2021 dicendi
262 1982 390 2043 genusa
413 1961 562 2035 veteribus
591 1960 739 2020 diversum
769 1960 1011 2039 auditoribnsque
1039 1959 1195 2021 iucundius

114 2054 297 2123 seqarantur,
326 2043 459 2124 exemplo
488 2043 584 2102 utitur
610 2042 727 2115 diceus,
746 2063 794 2100 ne
814 2042 919 2122 templa
947 2041 1063 2120 quidem
1092 2041 1193 2103 aetatis

114 2145 187 2185 suae
206 2124 275 2184 ideo
293 2125 455 2185 infirmiora
473 2123 574 2184 haberi
595 2145 694 2204 posse,
707 2126 796 2203 ¹quod
820 2145 879 2183 non
902 2124 968 2182 rudi
991 2135 1141 2183 caemento
1165 2135 1195 2189 et

113 2206 294 2267 informibus
315 2207 421 2289 tegnlis
449 2219 656 2277 exstruantur,
686 2205 737 2264 sed
759 2203 955 2287 splendidiora
982 2226 1127 2264 marmore
1148 2205 1194 2264 ni-

114 2301 200 2351 teant
221 2299 252 2348 et
266 2309 344 2349 ¹auro
363 2288 522 2349 radientur.
562 2288 612 2347 Sic
626 2287 775 2347 orationes
797 2300 916 2349 nostrae
937 2309 997 2345 non
1015 2286 1082 2346 ideo
1097 2286 1194 2348 minus

115 2372 251 2433 ellicaces
275 2382 363 2441 suut,
392 2369 460 2449 qnia
480 2403 520 2413 -
541 2367 735 2449 perveniunt,
763 2381 797 2429 ut
825 2366 932 2448 templa
953 2368 1059 2428 horum
1079 2380 1195 2449 tempo-

114 2475 184 2515 rum
205 2473 268 2513 non
288 2453 354 2513 ideo
378 2451 539 2511 infirmiora
561 2461 646 2521 sunt,
668 2448 793 2527 quia-
815 2450 973 2508 radientur.

198 2530 498 2618 quia-radiantur]
520 2530 565 2592 Cf.
582 2532 681 2591 Germ.
699 2535 745 2588 16.
777 2530 824 2591 Ne
844 2539 1058 2590 caenreutarum
1078 2524 1194 2612 quidem

115 2638 137 2678 a
158 2617 199 2679 ad
208 2618 275 2674 illos
286 2628 338 2677 aut
347 2617 510 2690 tegularum
529 2635 614 2672 usus:
633 2614 761 2670 materia
774 2611 923 2669 adomnia
936 2621 1056 2670 utuntur
1068 2608 1194 2690 informi.

150 2712 228 2759 trum
243 2698 402 2756 radiantur
418 2694 570 2756 transitive
585 2715 620 2753 an
629 2693 813 2752 intransitive
828 2692 866 2771 sit
881 2691 1090 2773 accipiendum,
1108 2692 1144 2752 de
1158 2712 1195 2752 eo

114 2779 296 2841 dissentiunt
315 2800 414 2839 secum
444 2780 508 2835 VV.
534 2777 600 2836 DD.
630 2773 757 2835 Rotlaius
785 2775 870 2835 enim.
887 2773 921 2832 ad
951 2776 1018 2834 Tac.
1047 2774 1145 2871 Agric.
1165 2796 1194 2855 p.

114 2868 187 2925 263.
208 2862 239 2921 id
259 2861 470 2941 interpretatur
490 2857 675 2917 illustrantur
697 2855 740 2916 vel
763 2857 1004 2939 distinguuntur,
1034 2856 1085 2916 ubr
1108 2854 1194 2915 simul

115 2944 193 3005 hanc
211 2941 365 3003 notionem
386 2939 509 3036 explicat
528 2961 583 3019 per
601 2935 820 2999 translationem
844 2950 1009 2998 structurae
1030 2937 1068 2996 ob
1092 2936 1195 2996 simili-

114 3025 251 3093 tudinem
280 3022 502 3106 significationis
528 3021 650 3093 laetam,
677 3019 769 3079 allatis
799 3018 937 3098 exemplis
967 3039 983 3077 e
1013 3018 1133 3093 Tacim,
1161 3030 1196 3077 ut

115 3107 197 3169 Anu.
218 3108 283 3180 Xll,
310 3111 356 3165 19.
385 3104 617 3185 triumpharetur
637 3099 851 3182 (Mithridates)
872 3099 1001 3181 positum
1025 3098 1064 3158 ait
1082 3120 1137 3179 pro
1159 3119 1196 3158 ne

114 3187 323 3268 intriumpho
344 3187 502 3246 duceretur
523 3184 598 3266 (nun
619 3181 789 3264 ageretur),
811 3183 911 3242 Germ.
927 3187 976 3240 20.
998 3185 1050 3238 neo·
1072 3183 1196 3256 uirgines

107 3269 295 3350 fistinantur
322 3288 378 3349 pro
406 3287 462 3326 nec
491 3263 720 3325 atestinum
750 3264 940 3323 collocantur.
974 3261 1113 3321 Doederl.
1134 3263 1196 3321 Lat.

117 3351 194 3436 Syn.
214 3350 282 3409 vot.
303 3352 336 3408 ll.
356 3371 385 3430 p.
408 3353 455 3408 79.
471 3346 642 3421 annotavit,
671 3340 794 3403 radiare¹
815 3342 891 3425 apud
910 3355 1012 3424 poetas
1036 3364 1139 3403 aureae
1168 3351 1198 3402 et

117 3433 176 3495 seri
198 3443 278 3492 tores
312 3442 465 3512 argenteae
494 3426 593 3487 aetatis
624 3446 824 3509 synonymum
853 3424 989 3505 usurpari
1021 3446 1049 3482 v.
1069 3423 1196 3504 fulgere.

114 3455 204 3576 Bauli.
234 3513 394 3574 radiantur
422 3533 465 3592 pr.
493 3509 579 3568 form.
608 3507 782 3586 deponentis
813 3505 928 3587 poetica
964 3505 1060 3565 habet.
1109 3503 1197 3564 Ouid.

69 3594 72 3601 ’
115 3590 191 3678 Epp.
213 3616 250 3654 ex
269 3596 356 3654 Pont.
377 3595 428 3665 lll,
448 3595 479 3665 4,
505 3595 570 3648 103.
612 3589 702 3648 Scuta
722 3588 825 3647 sedet
843 3587 951 3664 galeae
969 3589 1094 3661 gemmis
1113 3585 1199 3644 radi-

116 3688 203 3738 entur
223 3687 355 3736 etanta.
385 3673 437 3734 sit.
460 3671 521 3730 ltal.
544 3671 638 3744 XVll,
660 3673 728 3728 395.
769 3669 812 3729 At
832 3678 934 3728 contra
954 3667 1074 3726 ardenti
1091 3666 1198 3724 radia-
1252 3703 1255 3708 -

114 3761 167 3819 dat
204 3759 301 3840 Scipio
335 3775 432 3817 cocca-
472 3754 576 3814 Senec.
604 3752 679 3832 Epp.
707 3755 775 3813 115.
810 3750 980 3809 divitiarum
1015 3747 1197 3808 radiantium

112 3840 261 4023 φι-ωέὶῖἑ..
277 3941 356 4000 XXl.
398 3935 503 4016 fateor
524 3970 563 3984 -
584 3930 698 4014 tenera]
735 3929 828 3994 Codd.
859 3944 888 3993 et
920 3932 993 3992 Edd.
1025 3943 1092 3993 ante
1119 3932 1199 4014 Lips.

106 4023 230 4106 fateor,
252 4021 529 4101 quod-revocarunt
541 4015 605 4096 Bip.
627 4026 656 4075 et
678 4027 801 4075 recentt.
824 4027 940 4097 praeter
956 4012 1049 4075 Orell.
1067 4027 1097 4074 et
1109 4016 1200 4095 Rup,

114 4107 166 4188 qui
198 4105 396 4166 coniecturam
425 4099 504 4181 Lips.
525 4097 648 4178 fatebor
675 4118 690 4156 a
719 4097 802 4157 mult.
824 4097 897 4157 Edd.
924 4108 1034 4156 temere
1054 4109 1199 4175 receptam

114 4189 146 4248 in
181 4198 296 4248 textum
327 4182 517 4243 admiserunt.
566 4177 707 4240 Ceterum
726 4178 826 4260 saturi
849 4181 1020 4262 simpliciter
1040 4177 1133 4237 rarius
1155 4176 1199 4235 di-
