2634 4656
186 310 229 371 18
509 288 668 388 Dialogus
688 308 727 368 ela
750 303 965 369 Oratoribus*

186 487 252 563 que
276 456 434 533 historias
459 475 492 532 et
508 459 662 532 Romana
684 461 841 550 uomina,
868 458 1113 535 Graeculorum
1142 460 1266 535 labulis

127 614 131 621 -
184 586 377 658 aggregare.
454 592 457 597 ¹

604 711 633 768 (l
650 729 676 769 a
694 729 733 783 p·
767 712 831 769 Π·

281 810 324 883 Et
348 810 541 898 Maternus,
567 809 790 882 Perturbarer
813 808 877 883 bae
899 824 956 882 tua
981 810 1174 903 severitate,
1200 812 1265 887 nisi
1305 908 1309 917 Ι

116 1033 117 1036 ¹
183 963 403 1034 Ahenobarbo,
435 963 566 1025 Caesaris
589 963 774 1038 adversario,
803 977 832 1024 et
853 987 897 1046 cp.
921 970 966 1025 11.
987 985 1042 1046 pro
1070 954 1191 1026 Nerone
1208 962 1270 1049 legi·

183 1046 290 1108 volunt
311 1045 478 1118 ‘ll‘araner'm
509 1044 560 1105 ubi
588 1045 623 1105 cl.
652 1057 750 1105 annot.
778 1048 928 1106 Maternus
948 1046 1041 1128 igitur
1067 1044 1212 1107 Catonern
1235 1058 1264 1107 et

183 1124 367 1198 Domitium,
388 1127 545 1186 acerrimos
567 1123 708 1187 libertatis
732 1127 866 1207 antiquae
889 1127 1058 1187 defensores
1079 1138 1109 1187 et
1131 1124 1264 1189 Caesaris

125 1222 131 1227 '
185 1207 372 1349 apstipctoris
402 1208 464 1267 eius
479 1209 673 1280 aduersarios
704 1221 874 1290 argumenta
900 1210 1024 1269 duarum
1048 1208 1264 1293 tragoediarum

249 1313 258 1347 1
273 1334 280 1348 0

183 1310 247 1372 “g
266 1370 480 1432 Graeculorum
499 1368 633 1452 Ι11ιό616]
669 1368 761 1430 Codd.
786 1372 872 1431 Facu.
900 1371 1010 1432 Vatiae.
1036 1371 1149 1432 Osann.
1172 1370 1263 1433 Orcll.

183 1451 301 1512 Waltb.
334 1452 407 1513 nist.
437 1454 524 1512 Bach.
553 1453 737 1511 Graecarum
759 1450 852 1512 Codd.
880 1455 945 1513 Par.
975 1453 1061 1512 Vind.
1090 1465 1162 1514 cett.
1191 1454 1263 1515 EM

184 1534 276 1593 Recte
298 1533 441 1594 intellexit
462 1535 617 1605 Osannus‚
641 1533 755 1613 Aprum
778 1556 843 1594 cum
865 1532 923 1593 levi
945 1534 1064 1613 quadam
1080 1534 1264 1597 cavillatione

184 1614 366 1676 deminutivo
385 1638 471 1675 usum
498 1636 581 1689 esse,
607 1616 778 1694 praesertim
800 1638 888 1695 quum
907 1616 1058 1675 Maternus
1079 1629 1184 1676 contra
1204 1638 1263 1677 rne-

183 1695 316 1757 icetatem
358 1695 584 1777 apuli-Romani
605 1698 751 1756 ltomanas
778 1695 915 1756 historias
938 1707 967 1756 et
989 1700 1119 1757 Romana
1148 1698 1264 1759 nomina

185 1776 305 1838 Graecis
330 1719 433 1838 libralis
456 1790 635 1860 aggregaret.
676 1778 841 1837 Graeculus
862 1778 1052 1858 contemptim
1073 1778 1185 1839 dicitur
1204 1776 1264 1841 Cic·

184 1859 220 1921 de
237 1860 351 1933 Orat.l,
367 1866 419 1934 22,
437 1865 502 1920 102.
524 1862 642 1920 Petrou.
657 1881 701 1938 cp.
715 1861 764 1919 46.
779 1858 831 1918 ubi
842 1882 869 1919 v.
882 1858 1047 1932 Burauann3
1069 1859 1113 1921 sic
1126 1860 1264 1921 Hadria·

183 1962 238 2000 nus
264 1942 360 2022 Spart.
388 1942 440 2000 rit.
469 1942 606 2000 Hadrian.
628 1963 672 2019 cp.
697 1946 764 2015 1‚3
803 1953 833 2000 et
863 1941 966 2000 Cicera
993 1941 1022 1999 in
1058 1953 1131 2001 orat.
1164 1940 1265 2005 Caleni

183 2022 273 2082 Dion.
288 2022 368 2082 Cass.
384 2024 489 2095 XLVl,
501 2026 546 2081 18.
580 2030 783 2098 Γραίκουλος-
795 2021 837 2081 sic
852 2027 963 2100 Γραικός
976 2023 1052 2082 Ρ1υ1.
1068 2021 1129 2084 Cla.
1149 2023 1269 2109 cp.5.)t-

183 2102 231 2165 vd.
252 2103 379 2185 Boettig.
402 2102 499 2162 Sabin.
521 2106 587 2160 Vo.
611 2105 642 2161 ll.
663 2125 692 2182 p.
712 2109 760 2162 38.
792 2102 940 2163 Eckstein.
958 2104 993 2163 ad
1014 2104 1042 2162 h.
1063 2104 1081 2163 l.

268 2182 451 2266 aggregare]
480 2205 661 2258 aggregaras
681 2183 712 2242 in
729 2182 827 2242 codd.
849 2184 934 2244 Farn.
956 2187 1020 2245 Par.
1041 2185 1129 2245 Vind.
1152 2196 1184 2247 et
1202 2184 1264 2269 ple·

144 2295 148 2309 ι
183 2265 285 2345 risque
314 2264 387 2325 Edd.
414 2286 580 2340 aggregare
609 2286 643 2324 ex
670 2265 782 2325 emend.
810 2265 918 2326 Mutet.
948 2278 978 2327 et
1003 2266 1119 2328 Pithos.
1147 2267 1264 2331 Schota.

186 2346 288 2408 0berl.
309 2345 398 2406 Bekk.
427 2346 519 2407 Orell.
547 2346 692 2406 Boetticb.
723 2349 843 2426 liupert.
864 2349 936 2408 Ritt.
965 2348 1091 2408 Baebius
1120 2349 1189 2411 leet.
1208 2370 1263 2427 aa·

182 2449 326 2504 gregoras
356 2427 511 2489 defendere
545 2428 644 2489 studet
670 2451 687 2489 e
715 2428 855 2508 loquendi
885 2430 999 2490 ratione
1025 2430 1104 2489 inter
1131 2432 1263 2493 Graecos

184 2509 389 2584 usitatissima,
420 2509 470 2592 qui
492 2510 562 2570 duas
585 2510 743 2570 sententias
771 2509 851 2569 iuxta
871 2523 1002 2592 ponant,
1037 2534 1160 2591 quarum
1182 2512 1266 2595 prior

184 2591 216 2651 in
236 2592 408 2652 universum
427 2592 585 2672 exprimat,
607 2592 730 2672 quaein
750 2591 840 2651 altera
855 2592 1047 2673 appositionis
1070 2592 1165 2653 instar
1178 2614 1264 2659 mcu-

184 2674 276 2732 ratius
303 2674 479 2734 indicentur.
528 2673 576 2732 sic
606 2676 725 2733 lsocrat.
752 2674 816 2734 Pac.
846 2696 874 2755 p.
900 2677 965 2735 164.
993 2674 1066 2744 ὅπως
1094 2677 1195 2752 ἄξομεν
1220 2682 1265 2752 arii

115 2808 121 2817 .
184 2756 288 2832 εἰρήνην
316 2767 361 2814 aut
385 2758 424 2827 μή
444 2756 589 2828 ποιήσομεν
608 2754 672 2831 ὅπερ
692 2757 841 2830 εἰώθαμεν,
869 2758 957 2831 ὀλίγον
981 2760 1078 2834 χρόνον
1104 2761 1266 2829 διαλικόινης

186 2836 263 2894 πάλιν
289 2844 326 2901 εἰς
360 2840 405 2902 τὰς
433 2839 514 2903 adroic
530 2837 767 2909 ·καιασιηοόμεθα
795 2842 929 2915 ταραχάςτ
965 2838 1037 2899 Ptat.
1050 2876 1056 2892 ι
1070 2839 1166 2923 Gorg.
1198 2842 1263 2903 146.

185 2939 213 2998 p.
236 2920 304 2975 513.
326 2919 362 2975 Α.
382 2917 454 2985 ὅπως
473 2921 511 2992 μή
531 2919 695 2992 πεισόμεθα,
717 2918 782 2995 ὅπερ
803 2931 869 2992 φασὶ
884 2924 930 2988 mic
950 2927 1120 2989 Θετταλίδας,
1140 2924 1194 2983 adr
1211 2938 1265 2993 tole

186 3001 320 3074 gualtelmus
345 3000 411 3074 ἡμῖν
431 3002 448 3070 ἦ
469 3007 569 3077 αἵρεσις
586 3007 667 3058 ἔσται.
704 2997 739 3058 cl.
770 3000 872 3058 Mattlt.
888 3004 954 3061 ·Gr.
984 3025 1010 3083 p.
1034 3007 1120 3062 1292.
1163 3004 1263 3081 Quare

186 3080 324 3160 explieat:
355 3085 547 3141 etiamsinon
570 3119 607 3129 -
630 3084 836 3160 importasses,
867 3084 946 3161 quad
969 3087 998 3141 in
1019 3104 1053 3143 ea
1076 3096 1214 3147 uersatur
1232 3096 1264 3149 us

156 3162 348 3245 ‘'Damitr'um
379 3173 407 3220 et
434 3162 574 3222 Catonem
603 3162 817 3238 Graeculorum
844 3163 960 3241 sabulis
988 3186 1140 3240 aggreges.
1190 3168 1263 3229 Milri

186 3265 252 3302 eum
269 3242 383 3303 Orellia
401 3244 476 3315 baec¹
485 3256 632 3304 structura
650 3266 773 3324 prorsus
788 3247 975 3313 ἅνακόλουθος
994 3246 1041 3306 vel
1057 3247 1131 3307 adeo
1146 3250 1263 3315 soloen

186 3324 322 3397 videtur,
351 3347 424 3404 quae
446 3325 560 3386 inscitia
581 3324 690 3384 librarii
711 3325 745 3384 ab
769 3331 887 3386 etiamsi
906 3349 1012 3388 novam
1031 3330 1263 3394 enuntiationem

186 3404 351 3485 incipientis
373 3419 402 3466 et
420 3407 598 3466 iustruitivum
618 3428 674 3487 pro
696 3408 841 3503 gerundia
865 3409 995 3489 positum
1015 3430 1076 3469 uon
1096 3410 1263 3510 intelligen-

140 3483 146 3495 '
186 3485 225 3545 tis
244 3498 308 3545 orta
324 3499 380 3562 est,
395 3488 477 3548 euius
493 3489 723 3549 emistructionas
739 3489 868 3570 exempla
887 3491 978 3550 multa
990 3491 1122 3551 ollcrnut
1135 3506 1263 3576 serapte·

186 3588 234 3628 res
256 3568 366 3629 Latini:
389 3571 457 3630 Tac.
478 3570 556 3630 Anu.
570 3573 621 3643 Vl,
640 3576 685 3629 12.
702 3606 746 3653 -”
763 3572 890 3650 dataque
914 3574 1117 3632 sacerdotibus
1135 3582 1263 3652 erogatio,

206 3661 326 3709 uantum
347 3652 478 3711 bumana
500 3674 553 3733 ape
570 3656 752 3732 patuissent,
782 3673 851 3711 aera
879 3655 1053 3713 discernere.
1077 3654 1142 3715 Liv.
1163 3658 1214 3734 lll,
1233 3660 1261 3721 4.

185 3671 358 3806 l’astumia,
388 3735 478 3793 alteri
505 3735 634 3807 consuli,
663 3738 809 3808 negotium
832 3735 963 3794 dabatur
990 3737 1103 3810 ridere,
1131 3758 1168 3797 na
1192 3738 1265 3822 quid

186 3833 235 3871 ras
257 3815 378 3895 publica
402 3816 572 3875 detrimenti
599 3817 735 3895 caperet:
768 3816 816 3874 vd.
845 3817 963 3877 Ramsh.
994 3817 1048 3877 Gr.
1077 3818 1105 3900 6.
1135 3826 1204 3881 168.
1233 3823 1262 3884 4.

184 3891 255 3952 Not.
282 3901 306 3954 1.
336 3897 482 3957 Rocttieb.
501 3898 571 3956 Lex.
594 3896 661 3955 Tac.
712 3902 807 3954 .265.
837 3897 872 3957 de
902 3900 953 3958 vit.
983 3910 1012 3959 et
1039 3901 1139 3982 script.
1169 3902 1262 3965 'facit

183 3995 212 4053 p.
233 3980 281 4034 61.
305 3976 392 4036 Bacb.
415 3979 450 4037 ad
471 3978 548 4036 Anu.
571 3980 593 4051 l,
616 3982 664 4034 56.
691 3920 821 4036 lieneclt.
844 3980 878 4037 ad
901 3981 1001 4040 lustin.
1026 3982 1091 4055 Xll,
1113 3990 1140 4043 7.
1161 3985 1260 4047 Brem.

183 4054 219 4113 ad
240 4052 331 4115 Corn.
351 4058 424 4139 Nep.
447 4059 573 4142 Lysand.
594 4079 638 4136 cp.
660 4063 687 4116 3.
711 4057 819 4141 licisig.
839 4061 956 4122 Vorles.
974 4063 1001 4144 fi
1023 4066 1093 4123 440.
1248 4072 1263 4083 ”

195 4176 199 4185 ·
242 4134 313 4217 Cap.
334 4139 383 4196 lV.
424 4139 467 4199 Er
485 4135 658 4219 Maternus]
687 4138 728 4198 Er
752 4141 894 4202 Messalla
914 4165 957 4224 cp.
984 4150 1030 4203 16.
1051 4152 1118 4222 26,
1139 4157 1170 4205 et
1189 4148 1260 4208 Ma-

181 4224 282 4307 ternus
302 4238 347 4301 cp.
369 4224 437 4296 33„
464 4242 555 4303 mem
574 4240 661 4282 usum
688 4218 831 4303 loquendi
856 4222 886 4284 b.
905 4223 924 4284 1
955 4224 1042 4287 allato
1071 4226 1115 4290 sic
1133 4226 1262 4297 illustrat
