2634 4656
130 290 136 305 .
189 239 256 301 216
508 238 671 324 Dialogus¹
686 241 725 301 da
747 236 930 300 Oratoribus
971 212 973 225 ¹
1065 314 1068 319 ξ

192 410 377 492 temporum
404 389 555 482 disertis,
578 408 615 464 nt
640 391 675 465 in
701 393 886 468 actionibus
912 418 1026 465 eorum
1048 393 1100 465 vis
1124 418 1262 493 quoque

194 491 351 565 cotidiani
376 493 557 579 sermonis,
583 491 681 565 foeda
707 522 744 567 ac
765 491 921 595 pudenda
943 491 1040 580 vitia,
1070 492 1262 594 depreben-

194 590 334 678 dantum
368 607 404 663 ut
435 592 588 688 ignorent
617 591 724 689 leges,
755 621 823 666 non
855 606 987 666 teneant
1015 608 1150 695 senatps
1181 620 1262 665 con-

191 688 298 779 sulta,
324 690 377 763 ius
402 691 539 764 civitatis
564 690 649 765 ultro
669 691 859 783 derideant,
885 691 1065 793 sapientiae
1084 714 1177 765 vero·
1191 708 1262 765 stu-

194 863 399 943 nequemaior
422 880 511 942 neque
537 880 624 943 quoe„
635 824 734 944 pluro
750 820 920 921 adiumenta
941 860 1091 922 doctrinar
1115 861 1263 922 desideret

195 940 295 1023 (quarn
315 941 504 1022 eloquentia).
593 943 595 946 ’
749 956 753 965 ·

182 1096 186 1102 ,
276 1044 317 1099 uis
344 1061 454 1122 quaque
482 1041 624 1101 cotidiani
648 1044 806 1116 sermonis,
828 1038 923 1120 suedo
951 1061 988 1101 uc
1011 1041 1150 1123 pudenda
1181 1045 1260 1115 uitia,

197 1120 465 1205 deprehenduntur]
515 1128 555 1182 ris
591 1121 683 1184 Codd.
714 1123 786 1183 Edd.
812 1123 890 1204 Spic.
919 1122 1011 1185 Orefl.
1035 1121 1077 1220 (c.
1104 1121 1261 1205 asterisco)

196 1203 286 1265 Beklc
304 1206 401 1265 Boett.
420 1203 535 1264 walth.
552 1205 638 1265 Bach.
659 1205 748 1274 aiem
771 1209 818 1264 uia
838 1205 910 1265 Edd.
930 1207 996 1266 Pur.
1012 1206 1077 1264 Rrv.
1098 1206 1167 1265 lber.
1181 1206 1261 1275 Atra

188 1283 247 1366 sca
265 1285 361 1347 Rhen.
386 1296 416 1345 et
435 1307 515 1366 seqq.
542 1284 634 1367 (saca
656 1288 764 1347 Osann.
784 1286 930 1368 Drook.),
960 1285 1057 1366 quod,
1084 1287 1163 1348 sicut
1183 1286 1261 1366 sun

197 1366 305 1431 dicitur
331 1367 427 1433 infima
455 1368 535 1448 plebs
562 1367 637 1450 (Cic.
657 1370 731 1450 Epp.
758 1368 793 1430 ad
821 1370 859 1444 Q:
880 1371 927 1429 Fr.
948 1371 983 1443 ΙΙ,
1007 1375 1034 1428 6.
1061 1368 1098 1429 ad
1124 1369 1217 1430 Attio.
1236 1371 1261 1445 1,

200 1450 275 1532 16),
294 1449 512 1531 intelligendum
530 1462 608 1511 esset
629 1451 664 1510 de
685 1451 804 1510 sordido
823 1463 908 1531 atque
928 1450 1030 1510 humili
1048 1472 1206 1525 sermone,
1226 1452 1261 1512 de

197 1553 258 1613 quo
279 1543 373 1591 tamen
392 1531 440 1591 vix
461 1532 535 1613 apud
556 1554 717 1613 quenquam
743 1533 914 1615 scriptorem
936 1545 1107 1614 usurpatum
1130 1533 1262 1594 invenia-

196 1618 256 1674 tur.
287 1615 447 1674 Heumann.
469 1625 500 1674 ut
519 1617 548 1673 in
568 1617 727 1676 actionibus
746 1637 844 1674 eorum
858 1613 953 1693 ,foeda
972 1637 1082 1698 quoque
1099 1616 1262 1698 quotidiani

197 1700 339 1756 sermonis
373 1715 411 1754 oo
440 1696 578 1775 pudendo
606 1701 675 1756 viiia
705 1698 972 1778 deprehenderim
1006 1695 1123 1756 Schola.
1149 1697 1260 1778 probat.

201 1778 311 1838 Osann.
330 1777 360 1836 in
382 1789 493 1837 annott.
514 1788 545 1837 ut
560 1782 589 1837 in
607 1781 764 1839 actionibus
783 1800 881 1840 eurum
903 1783 973 1839 uitia
993 1799 1104 1861 quoque
1125 1780 1261 1864 [puraeque

201 1861 322 1939 Oscum]
342 1861 505 1942 quotidiani
521 1860 819 1940 ser·monissordu.uu
837 1861 975 1943 pudenda
995 1860 1091 1941 depr.;
1118 1861 1212 1921 Orell.
1231 1860 1282 1921 in·

199 1953 310 2002 annott.
339 1941 594 2023 comprobantibus
620 1943 764 2003 Boetticb.
789 1942 819 2002 id
846 1956 957 2003 annott.
985 1954 1014 2002 et
1041 1956 1199 2003 comment.
1225 1944 1259 2005 de
1299 1974 1303 1983 ¹

198 2023 251 2084 vit.
273 2035 302 2083 et
323 2024 420 2104 script.
442 2025 508 2084 Tac.
529 2025 735 2084 ct·Gutmann.
756 2024 787 2084 in
812 2024 932 2106 interpr.
959 2024 1131 2085 vernacula:
1161 2026 1259 2108 uirique

199 2103 258 2186 (pr.
267 2110 308 2163 ois
320 2105 613 2187 quoque)quotidioni
623 2111 763 2166 sermonis
768 2104 864 2185 suedo
873 2127 908 2167 ae
921 2106 1058 2188 pudenda
1074 2111 1144 2166 uitia
1160 2109 1260 2190 depro-

72 2178 77 2196 ’
133 2203 138 2216 ‘
200 2186 380 2258 bordarium
404 2187 548 2247 Eckstein.
568 2188 692 2248 coniecit
713 2209 799 2271 usque
812 2209 856 2268 pr.
872 2193 913 2247 ois
929 2209 1054 2272 puopuer
1075 2189 1258 2250 Doederlein.

65 2286 69 2294 ·
199 2268 230 2328 in
253 2269 366 2329 dissert.
390 2269 425 2329 de
443 2268 544 2329 Tacito
564 2269 720 2329 verborum
735 2269 962 2350 transpositione
975 2271 1153 2339 emendando
1170 2294 1199 2353 p.
1217 2276 1259 2332 16.

28 2410 32 2419 ,
91 2346 109 2389 ·'
171 2357 173 2360 ’
200 2355 281 2412 utin
300 2353 457 2411 ustionibus
471 2373 568 2411 eorum
581 2351 674 2430 findo
691 2372 729 2411 ac
745 2352 882 2435 pudenda
901 2356 1005 2435 uiaque
1022 2354 1189 2432 quotidiani
1200 2374 1258 2413 scr·

201 2437 294 2495 munis
313 2437 383 2493 uitia
403 2434 666 2516 deprehenduntur;
689 2456 743 2513 qua
756 2446 851 2494 tamen
870 2433 1097 2517 transpositione
1113 2456 1172 2495 non
1189 2456 1258 2518 opor

200 2537 266 2576 esse
297 2515 469 2576 existimavit
498 2513 531 2576 C.
552 2515 592 2575 T.
622 2520 734 2597 Zumpt.
762 2516 792 2575 in
822 2526 942 2576 censura
970 2515 1056 2576 buius
1088 2517 1205 2578 dissert.
1231 2517 1258 2577 iu

199 2598 278 2658 Berl.
308 2597 399 2658 lahrb.
427 2598 445 2657 f.
473 2596 568 2657 Kritik
593 2603 679 2658 1839.
707 2598 759 2658 Nr.
778 2601 827 2658 45.
847 2620 875 2679 p.
896 2604 981 2671 356.,
1009 2621 1096 2678 quum
1128 2598 1259 2660 emenda-

199 2680 282 2740 tione
306 2684 354 2739 uix
379 2700 487 2764 quoque
507 2679 538 2739 in
565 2691 677 2739 textum
704 2679 877 2740 admittenda
904 2681 1009 2740 omnis·
1025 2679 1082 2740 loci
1108 2680 1260 2742 difficultas

124 2802 126 2807 -
200 2761 321 2821 tollatur
340 2774 370 2822 et
390 2770 501 2844 quoque
517 2761 638 2821 notione
659 2784 686 2821 v.
707 2764 795 2836 sogor
818 2774 887 2844 post
906 2761 1089 2846 negationem
1111 2764 1189 2845 apud
1209 2762 1260 2825 bu-

201 2865 256 2912 nos
277 2843 388 2925 scriptt.
415 2842 582 2924 reperiatur.
624 2842 718 2903 Verba
738 2843 779 2904 sic
798 2843 1007 2924 interpretatus
1026 2856 1090 2904 est:
1122 2868 1188 2905 man
1208 2840 1283 2907 fin-¹

202 2925 250 2985 det
276 2925 308 2984 in
335 2927 388 2986 den
412 2927 512 2986 Reden
538 2924 633 2985 dieser
652 2927 744 3001 Lente
759 2925 965 2991 ¹schma‘blicbe
985 2925 1108 3002 febler,
1137 2928 1197 2988 wie
1220 2928 1261 2989 sie

80 3026 85 3034 ·
202 3005 293 3068 selbst
321 3008 350 3069 in
380 3006 543 3067 bdnslicher
571 3005 783 3067 Conversation
811 3007 894 3068 kaurn
925 3009 1124 3069 vorkommen.
1168 3011 1263 3086 Quam

200 3089 258 3149 foci
286 3089 453 3150 emendandi
480 3100 509 3149 et
536 3088 695 3170 explicandi
724 3089 865 3149 rationem
894 3091 996 3150 ceteris
1022 3090 1157 3152 omnibus
1179 3086 1262 3174 prae-

200 3172 325 3246 ferrem,
348 3171 373 3232 si
393 3193 453 3231 non
471 3171 558 3232 lectio
578 3183 692 3252 recepta
712 3170 754 3231 sic
769 3173 874 3232 tuenda
893 3172 962 3231 mibi
981 3172 1147 3248 videretur,
1167 3188 1205 3235 ut
1224 3178 1264 3236 rit

202 3252 293 3335 (sicut
317 3259 357 3313 ris
383 3258 481 3312 veneni
504 3251 564 3313 Cic.
586 3274 630 3312 nr.
650 3276 693 3334 pr.
715 3251 792 3313 Cael.
813 3255 875 3332 24.)
902 3254 934 3314 in
961 3254 1062 3314 malam
1088 3267 1203 3337 partem
1224 3268 1263 3334 et,

201 3357 239 3395 ne
263 3337 403 3421 asyndeto
425 3335 654 3408 offenderemur,
683 3334 770 3396 verba
782 3332 876 3414 fircda
895 3356 932 3396 uc
950 3336 1086 3419 pudenda
1113 3342 1186 3398 uitia
1209 3352 1264 3481 per

202 3419 373 3500 epexegesin
394 3417 610 3498 acciperentur:
633 3417 696 3478 dass
720 3422 784 3476 man
805 3416 835 3476 iu
856 3417 910 3478 den
932 3418 1142 3501 geriehtlicben
1162 3422 1208 3482 Re
1229 3442 1264 3483 eu

200 3500 351 3560 darselben
372 3500 426 3560 den
458 3497 585 3559 Einfluss
605 3499 658 3559 der
677 3498 803 3581 Spracbe
825 3500 874 3559 des
894 3501 1044 3584 gemeinen
1062 3501 1177 3563 Lebens
1198 3503 1265 3586 (der

199 3583 343 3666 tiglicben
364 3581 580 3664 Unterbaltnng
599 3579 705 3660 unc),
731 3580 874 3642 hissiicbe
899 3582 960 3642 und
979 3581 1166 3644 schindfiche
1187 3584 1264 3646 Feb·

200 3663 261 3741 fer,
289 3664 400 3725 antrifft
424 3662 670 3723 -1wahrnimn1c
709 3663 755 3723 De
775 3684 906 3723 sermone
933 3666 1077 3725 cotidiano
1099 3664 1136 3726 cf.
1160 3667 1263 3743 Quint.

200 3748 252 3827 Xf,
275 3753 301 3822 1,
324 3754 351 3807 6.
374 3748 438 3822 ΧΗ,
461 3751 509 3823 10,
529 3749 569 3807 40
585 3766 628 3825 sq.

279 3868 334 3906 non
360 3854 477 3904 teneant
502 3853 619 3903 senatus
646 3842 792 3926 consultu]
830 3846 932 3922 Quae,
961 3857 996 3906 ut
1021 3856 1119 3904 annot.
1149 3842 1264 3910 Schola.
1295 3840 1299 3852 ’

199 3926 292 4008 probe
311 3948 399 3987 nosse
418 3924 538 3985 debebat
557 3936 696 4004 patronus
717 3948 884 4001 causarum,
913 3950 1001 4007 quum
1016 3950 1037 4006 ¹a
1057 3927 1170 3989 Tiberii
1188 3941 1263 3991 tem-

199 4006 319 4090 poribus
347 4008 403 4067 vim
427 4007 522 4088 legum
547 4005 721 4068 obtinerent.
742 4010 788 4069 vd.
811 4008 947 4071 Heinecc.
968 4010 1087 4091 antiqq.
1108 4014 1197 4071 Rom.
1217 4014 1262 4073 iu·

198 4089 776 4172 risprnd.ittustrant.1.tit.11.§.45.
823 4096 825 4101 ‘
1147 4116 1154 4128 ,

275 4192 321 4248 ius
339 4186 685 4272 ciuitatis-derideant]
707 4190 729 4250 l.
743 4210 767 4250 e.
783 4188 828 4252 ius
843 4189 937 4266 civile,
957 4188 1102 4252 rarissima
1118 4167 1264 4275 significa-
