2634 4656
552 266 631 356 Cer'·
654 253 815 347 xxer.
861 256 865 263 “
1150 265 1238 346 ‘aaa>

143 423 276 498 facilius
301 423 445 496 bonores
472 426 730 525 assequebatur,
758 443 848 498 tanto
865 426 970 522 magis
989 426 1022 499 in
1048 431 1131 530 ipsis
1156 392 1216 508 bd.

141 523 285 598 nuribus
311 524 454 620 collegas
483 542 562 597 suos
587 526 751 614 anteibat,
785 544 874 598 tanto
901 527 976 625 plus
1006 533 1094 629 a‘pnd
1122 538 1215 633 prin.
1244 543 1246 550 '

111 671 114 675 ⁴
141 626 235 726 cipes
252 624 399 720 ,grat-iae,
427 624 503 740 plus
529 626 731 717 quetoritatis
756 626 846 726 apud
871 643 999 727 patres,
1034 629 1109 728 plus
1131 636 1229 708 uoti..

133 727 207 808 ‚tiae
241 753 278 797 ac
312 725 454 797 nominis
489 724 578 824 apud
609 725 737 825 plebem
773 725 923 824 parabat
980 730 1023 800 Hi
1056 728 1214 811 clienlelis
1242 787 1245 797 .

142 825 249 917 etiam·
273 841 455 896 exterarum
485 825 654 897 natibnnm
683 825 933 913 redundabant;
971 827 1032 900 bns
1067 829 1143 903 ituri
1178 835 1214 909 iu

169 924 331 997 rovineias
358 926 568 1020 magistratus
601 926 854 1014 reverebantur,
891 925 953 998 bns
979 931 1098 1001 reversi
1125 933 1214 1006 cole·
1303 971 1306 979 ·

133 953 242 1111 ‚baum
270 1022 330 1096 bus
356 1041 386 1096 et
405 1039 576 1124 praeturae
602 1041 633 1096 et
657 1025 845 1113 consulatus
871 1054 987 1100 uocare
1013 1027 1098 1101 ultro
1121 1031 1212 1106 vide-

140 1122 282 1231 bantum
311 1123 344 1196 bi
361 1151 402 1196 ne
418 1124 534 1223 privati
553 1124 686 1223 quidem
705 1126 776 1198 sine
796 1142 956 1223 potestate
977 1145 1079 1216 eraut,
1108 1159 1211 1229 qqum
1311 1213 1313 1220 ,

141 1240 174 1296 et
199 1221 359 1337 populum
386 1239 416 1314 et
442 1239 590 1295 senatum
618 1223 755 1297 consilio
777 1242 807 1298 et
833 1225 1024 1299 auctoritate
1048 1249 1210 1324 regerent.

96 1354 108 1393 :
143 1323 238 1421 Qum
264 1323 363 1394 immo
397 1323 462 1395 sibi
494 1322 558 1421 ipsi
587 1340 820 1424 persuaserant
850 1324 1013 1398 nemiuem
1040 1327 1111 1399 sine
1143 1328 1211 1402 elo-

141 1422 276 1522 quentia
302 1439 358 1495 aut
389 1421 520 1522 assequi
551 1422 708 1523 possein
733 1424 861 1498 civitate
887 1441 950 1498 aut
966 1427 1057 1498 tueri
1077 1429 1211 1530 conspi-

142 1550 241 1596 cuum
265 1540 299 1600 et
324 1521 518 1623 eminentem
546 1522 662 1596 laium.
721 1525 788 1596 Nec
814 1525 955 1614 mirum,
987 1554 1088 1624 quum
1114 1527 1210 1602 etiam

134 1621 234 1731 iuviti
271 1622 313 1694 nd
346 1621 505 1722 populum
533 1623 813 1722 producerentur3
852 1652 955 1723 quum
980 1652 1099 1725 parum
1123 1644 1211 1702 esset

134 1810 137 1819 ·
220 1788 380 1874 principes]
409 1791 487 1850 Sunt
500 1778 647 1873 'piincipes
668 1796 723 1852 oiri
741 1790 815 1852 Dial.
829 1794 884 1852 40.

222 1888 369 1973 parabat]
399 1888 448 1949 Sic
469 1890 635 1949 exemend
655 1891 733 2032 Lips.
755 1888 783 1948 in
800 1891 912 1949 aunolt.
933 1889 1209 1970 propositaPitboe.
1303 1956 1305 1963 ,

141 1986 173 2035 et
194 1994 273 2053 seqq.
294 1994 349 2053 pro
367 1971 513 2052 probabat
533 1970 596 2032 lect.
617 1970 681 2033 Cod
703 2018 709 2031 .
732 1983 760 2032 et
776 1983 845 2031 vett.
867 1970 940 2031 Edd.
981 1973 1026 2032 De
1045 1996 1100 2034 usu
1122 1974 1209 2036 abso-

142 2055 208 2122 luto
229 2077 276 2114 vv.
301 2076 431 2134 potore,
460 2073 607 2135 apparare
634 2066 664 2115 et
683 2075 858 2134 comparare
885 2053 921 2114 es.
940 2052 1056 2114 nutat.
1078 2055 1155 2118 niet.
1173 2057 1209 2118 ad

132 2138 211 2234 Ter.
232 2137 324 2196 Andr.
347 2140 369 2211 l,
391 2140 420 2208 5,
443 2141 488 2195 ta.
510 2137 584 2195 Eun.
600 2137 650 2212 lll,
670 2143 700 2211 2,
717 2142 766 2196 35.
782 2135 886 2196 Scbol.
906 2134 942 2196 ad
962 2135 1043 2197 Suet.
1062 2136 1144 2215 Caes,
1158 2144 1208 2200 42.
1233 2163 1236 2166 ·

223 2238 296 2294 ituri
313 2239 342 2292 in
362 2236 524 2316 provincius
546 2267 582 2279 -
605 2232 828 2316 reverebantur]
865 2237 924 2294 »Ut
942 2233 973 2292 hi
993 2246 1125 2296 oratores
1147 2236 1209 2318 pri-

138 2315 224 2379 marii
250 2316 417 2399 dignitatem
437 2314 599 2374 absentium
629 2314 659 2374 iu
688 2330 788 2376 senatu
810 2328 912 2376 contra
941 2314 1124 2377 inimicorum
1151 2320 1210 2378 cri-

140 2399 315 2460 minationes
345 2409 508 2457 tuerentur.
556 2396 694 2478 Exempla
720 2398 767 2459 vd.
793 2396 824 2456 in
854 2392 920 2458 'Cin
948 2397 1022 2478 Epp.
1055 2399 1090 2458 ad
1115 2402 1209 2459 Fam..
1298 2436 1305 2443 ,

136 2480 255 2544 Sebulz.
283 2534 284 2539 ,
529 2477 532 2486 ’
977 2529 982 2535 ,
1204 2534 1207 2539 ,

224 2565 278 2622 lios
296 2564 405 2621 reuersi
421 2556 568 2640 colebant]
604 2555 723 2619 Ecod.
744 2559 829 2618 Farn.
858 2563 967 2618 reversi
985 2581 1008 2619 e.
1029 2559 1107 2640 Lips.
1128 2580 1208 2640 seqq.

141 2657 318 2727 receperunt
342 2664 395 2725 pro
425 2645 584 2715 reversuri,
611 2641 689 2720 quod
716 2639 863 2700 revocavit
881 2639 993 2700 Osann.
1021 2638 1230 2724 Magistratus
1293 2656 1294 2660 ’

141 2726 340 2810 eprovinciis
369 2727 491 2784 Romam
520 2722 632 2799 reuersi
664 2722 797 2782 colebant
819 2734 970 2796 oratores,
997 2733 1048 2797 ut,
1078 2722 1102 2783 si
1130 2724 1208 2785 sorte
1258 2722 1281 2739 ”

140 2810 368 2893 repetundarum
396 2802 415 2865 a'
437 2804 661 2886 provincialibus
690 2804 925 2887 postularemus,
951 2815 1001 2864 aut
1027 2805 1062 2865 ab
1089 2804 1125 2865 iis
1145 2827 1208 2866 nou

125 2903 348 2956 ,accusarentur
366 2897 416 2949 aut
439 2888 671 2947 defenderentur.

223 2976 276 3034 lios
305 3006 340 3020 -·
372 2971 578 3050 oocornnltro
605 2966 792 3050 uidebantur]
833 2969 858 3028 E
887 2967 960 3028 Cod.
987 2970 1071 3029 Faru.
1099 2968 1209 3050 recepit

142 3057 222 3138 Lips.
244 3067 274 3115 et
294 3075 373 3135 seqq.
395 3050 510 3132 praeter
531 3052 658 3126 Osanna,
687 3050 789 3130 quilii
815 3060 844 3109 et
868 3062 1029 3132 praeturae
1056 3062 1084 3110 et
1105 3072 1208 3111 consu-

143 3142 221 3202 latui
247 3158 353 3197 encore
382 3138 457 3195 ultro
479 3134 534 3192 oid.
563 3133 627 3192 leet.
656 3130 748 3192 Codd.
775 3134 839 3192 Par.
871 3133 954 3192 Vind.
979 3145 1106 3192 etfrett.
1135 3133 1208 3193 Edd.

141 3244 205 3284 non
225 3218 413 3300 improbatam
433 3215 546 3275 Dronk.
567 3214 721 3274 revocavit
753 3204 914 3275 ¹Sententia
934 3208 995 3276 est:
1017 3213 1061 3274 bis
1084 3216 1210 3275 oratori-

136 3305 217 3376 bus,
239 3302 306 3362 licet
326 3311 473 3380 praeturas
494 3310 525 3357 'et
545 3296 712 3358 consulatus
733 3317 793 3356 uon
814 3295 972 3371 ambirent,
1001 3296 1081 3356 ultro
1103 3297 1212 3358 deferri

140 3384 288 3468 apopulo
309 3382 488 3442 videbantur.

96 3463 103 3471 ”
212 3468 344 3526 eonsilio
366 3473 394 3523 et
414 3465 587 3522 auctoritate
606 3457 756 3542 regerent]
791 3458 955 3521 Coniuncta
983 3458 1121 3541 leguntur
1142 3458 1213 3519 baleo

143 3549 300 3611 snbstantt.
322 3549 388 3607 Tac·
411 3545 511 3604 Germ.
535 3549 596 3614 12.;
632 3541 802 3623 frequenter
821 3565 864 3625 ap.
886 3539 947 3601 Cic.
971 3537 1017 3602 vd.
1038 3539 1122 3600 Parei
1143 3542 1212 3601 Lex.

142 3631 209 3694 erit.
230 3629 408 3708 Mentiss.,.p.
432 3632 471 3685 32
487 3648 528 3706 sq.
569 3626 614 3686 De
635 3647 662 3683 r.
684 3644 784 3708 (egeae
806 3624 841 3685 cs.
864 3625 961 3683 Herao
984 3666 990 3680 .
1010 3622 1045 3682 ad
1066 3621 1131 3680 Sall.
1151 3625 1211 3704 lug.

141 3719 224 3786 1,1.
266 3711 390 3771 »Sallust
419 3706 587 3775 bezeichnet
614 3705 667 3765 mit
697 3706 804 3766 diesem
831 3705 927 3765 Verbo
958 3646 1003 3765 ite
1030 3704 1214 3778 moraliscbe,
1290 3738 1291 3743 κ

142 3793 303 3880 pbysiscbe
323 3792 382 3852 und
403 3789 556 3872 politiscbe
579 3787 707 3863 Gew'alt,
728 3788 774 3849 die
789 3788 912 3847 Jemand
927 3786 1001 3848 iiber
1021 3787 1076 3845 deu
1093 3785 1216 3846 dudem

140 3877 273 3940 ausiibtat

230 3981 317 4056 prium
348 3960 438 4016 etiam
466 3956 549 4015 inuiti
575 3952 618 4013 od
642 3955 780 4033 populum
806 3944 1055 4034 producerentur}
1077 3947 1219 4008 ,Prodoci

141 4063 264 4126 propere
285 4040 440 4113 dicuntur,
470 4036 520 4116 qui
542 4034 763 4115 incensionem
784 4034 830 4095 vel
852 4034 887 4093 ad
929 4028 1049 4112 epulum
1069 4029 1218 4090 ducuntur

142 4125 310 4205 quibusque
338 4131 465 4203 potestas
491 4118 575 4178 datur
595 4116 717 4176 dicendi.
745 4117 792 4178 vd.
818 4054 935 4178 Rubnll.
955 4111 1053 4174 Sebul.
1080 4111 1116 4173 ad
1136 4112 1219 4172 Suet.

136 4207 228 4270 ,Caes
244 4209 306 4283 202,
326 4203 409 4266 it.'ad
425 4199 526 4265 Claud
553 4204 613 4276 12,
633 4197 685 4260 ubi
704 4203 736 4259 in
754 4209 852 4262 rostra
869 4193 1129 4354 lm‘li‘ii‘glm'
1167 4191 1219 4254 ti-
